1435 2696
56 53 138 110 60
339 46 1107 107 DEORIGIN.GENTIVM

55 131 253 194 catanis
271 131 610 195 intellecti,ac
629 123 1009 207 deprehensum
1029 125 1127 185 fuit
1145 139 1358 207 utrumq3
1434 191 1435 194 Ἴ

51 216 238 271 Idioma
255 211 296 290 fi
326 230 414 267 non
433 213 557 266 idem
576 250 593 277 ‚
623 209 1084 283 atconsanguineum
1102 211 1205 286 effe,
1225 210 1355 268 teste

55 299 314 374 Martyre.
385 298 462 352 At
492 297 737 350 Iucatana
766 293 946 374 lingua
978 294 1127 372 plane
1159 293 1256 351 alia
1288 292 1354 349 ab

52 382 336 440 Mexicana
365 398 380 431 ε
416 375 551 432 unde
584 374 807 454 Aghilar
839 380 1097 433 lucatanae
1116 370 1358 455 peritiffi-

57 482 212 525 muS,
247 456 587 516 Mexicanam
621 477 729 513 non
760 455 853 513 nisi
885 478 978 535 per
1007 459 1351 535 interpretem
1433 518 1435 529 ε

53 542 322 602 Marinam
341 537 664 595 Xaliscanam
683 539 959 594 intellexit.
995 538 1154 598 Vnde
1173 539 1353 595 omnis
1434 542 1435 546 ’

51 622 161 684 fere
178 621 660 679 australisAmerica
678 627 942 700 &magna
957 622 1355 700 Septentriona-

54 708 120 765 lis
153 725 267 783 pars
299 702 363 760 ab
396 722 494 761 una
510 701 732 781 origine.
782 703 930 758 Duas
946 702 1182 782 ingentes
1199 704 1350 759 colo-

56 789 169 845 nias
213 786 267 842 in
299 784 605 841 Americam
657 780 846 841 venisse
878 782 1343 862 deprehendimus·

56 873 234 928 Vnam
252 866 590 928 Phoenicum,
609 862 674 919 ab
695 864 1061 945 Oriente‚quae
1081 866 1135 921 in
1156 868 1348 923 Fortu·
1434 872 1435 876 ’

56 950 193 1008 natis
211 987 228 1013 ‚
259 946 369 1005 sinu
403 947 683 1003 Mexicano
701 990 713 1010 ‚
735 951 976 1004 Iucatana
995 946 1149 1027 usque
1166 946 1230 1004 ad
1246 941 1352 1003 fre-

59 1049 172 1090 tum
194 1028 598 1107 Magellanicum
634 1048 823 1107 magna
840 1027 1090 1087 adventus
1105 1025 1181 1084 sui
1198 1026 1349 1087 vesti-

61 1114 148 1192 gia
165 1109 387 1189 reliquit.
440 1110 679 1167 Alteram
698 1107 725 1164 ἐι
741 1112 1109 1187 Septentrione
1129 1111 1351 1187 Scytha-

58 1215 174 1252 rum
193 1192 219 1248 ὲ
239 1189 426 1271 quibus
444 1207 557 1245 tota
576 1190 820 1247 America
839 1191 1086 1248 inundata
1105 1201 1156 1253 δε
1176 1184 1353 1249 omnis

61 1276 152 1356 qui
169 1272 265 1330 fuit
295 1273 461 1330 cultus
489 1267 593 1328 fere
612 1269 842 1328 abolitus
873 1274 955 1332 vel
971 1275 1024 1329 in
1041 1271 1349 1353 Scythicum

63 1372 313 1416 mutatus.

140 1437 267 1496 Vias
286 1435 429 1515 quod
444 1434 904 1516 attinet,quoniam
925 1434 1254 1494 evidentibus
1271 1458 1350 1495 ar-

58 1519 324 1602 gumentis
342 1517 746 1595 deprehenditur
761 1554 777 1582 ‚
798 1519 1098 1575 American]
1118 1519 1348 1599 undique
1421 1538 1423 1541 ·

59 1606 127 1661 ab
146 1599 273 1658 orbe
290 1597 469 1656 nostro
500 1595 764 1656 abscissam
784 1620 838 1656 ac
859 1620 1106 1679 magnam
1126 1601 1344 1660 insulam

59 1684 156 1743 effe
176 1721 194 1748 ‚
214 1681 343 1739 mari
361 1701 545 1738 omnes
563 1677 748 1738 venisse
767 1680 965 1738 constat
981 1719 997 1745 ,
1031 1683 1203 1738 nullos
1236 1700 1345 1742 ter-

57 1765 205 1823 restri
235 1764 418 1819 itinere
436 1806 451 1827 ‚
486 1762 577 1819 nifi
607 1757 744 1819 forte
779 1783 869 1839 per
900 1782 1143 1821 concreta
1175 1765 1341 1844 glacie

59 1843 336 1904 freta.Nec
355 1842 561 1901 obstare
581 1844 680 1900 illis
698 1844 869 1922 potuit
893 1846 1098 1903 Oceani
1113 1846 1340 1924 interja-

58 1928 222 1986 centis
239 1926 462 1983 latitudo
481 1927 563 1984 vel
585 1925 770 2004 pixidis
789 1927 1000 1983 nauticae
1020 1928 1336 2007 ignorantia.

60 2013 207 2067 Nam
228 2008 262 2064 fi
278 2007 390 2064 casu
407 2016 459 2067 Sc
478 2004 872 2085 tempestatibus
890 2010 1043 2083 ejecti
1062 2046 1079 2073 ‚
1112 2030 1334 2069 omnem

55 2086 314 2148 defectum
345 2086 451 2166 ipsa
497 2084 758 2145 neceffitas
789 2095 841 2146 &
874 2092 949 2146 vis
966 2086 1240 2169 supplevit.
1281 2093 1336 2150 Si

27 2211 31 2216 ι
54 2170 272 2229 consilio
290 2190 353 2223 eo
371 2170 678 2248 navigarunt
691 2207 707 2232 ‚
741 2164 1118 2231 sufficientibus
1137 2172 1202 2229 ad
1219 2191 1337 2231 tan-

53 2270 162 2310 tam
181 2250 566 2325 navigationem
587 2247 955 2331 perficiendam
970 2251 1206 2314 instrucffti
1222 2277 1336 2314 me-

62 2333 158 2397 diis
176 2329 395 2391 fuerunt.

442 2411 568 2471 Finis
581 2414 880 2491 Libriprimir
1414 2468 1417 2481 .
