1435 2696
86 73 175 132 74
358 48 1124 109 DEOizmmzssssnnvm
1401 0 1435 135 i

81 136 206 198 libri
234 132 397 193 Seder
429 131 595 191 Olam
630 146 834 208 partem
867 130 1295 189 Chananaeorum
1325 129 1382 193 in

77 216 431 279 Germaniam
452 211 643 289 veniffe
680 214 876 278 tradit,
918 209 948 268 a
977 232 1200 292 quorum
1222 220 1380 290 ge'nte

77 300 348 360 Chettaeis
365 293 739 355 Genebrardus
759 297 950 353 Cattos
968 293 1201 358 deducit,
1218 294 1303 352 vix
1319 291 1380 351 fi·
1434 353 1435 356 ,

79 384 207 440 dem
241 397 492 437 meretur.
534 376 887 435 Multominus
923 377 1201 456 Arngrimi
1232 381 1377 433 Ionae

77 465 480 523 deliramentum
499 460 586 538 qui
600 459 862 539 Gigantes
875 459 1020 515 orbis
1039 458 1379 523 Aretoissue-
1433 454 1435 458 ⁴

74 548 178 604 diae
197 553 251 606 &
271 542 595 620 Norvvagiae
619 541 686 598 ab
705 542 785 598 his
805 542 1119 599 Chananaeis
1137 538 1373 605 deducit,
1420 569 1435 614 j

76 624 360 704 puerilibus
397 626 546 703 plane
579 623 868 681 rationibus
890 623 1133 681 induetus
1152 643 1278 701 quas
1295 642 1377 677 re-

74 704 207 768 ferre
237 727 410 786 operae
444 705 668 786 pretium
686 703 901 762 nonest.
952 711 1044 764 An
1076 705 1231 763 Sinaei
1253 723 1374 762 cum

76 790 286 869 Scythis
305 787 523 849 &Indis
544 787 596 843 in
615 785 904 847 Sinenfium
927 804 1146 869 gentem
1165 786 1374 843 coalue-

73 874 198 936 rint,
219 867 349 927 infra
367 870 621 927 dicemus,
664 870 1022 928 Occidentem
1042 866 1375 948 pervaserunt

76 952 382 1018 Chananaei‚
402 950 639 1019 Iebusaei‚
660 953 914 1017 timorati,
944 945 1373 1031 Girgesaei‚Kad-

75 1036 295 1101 monci,
330 1035 664 1092 Ammonitae
681 1071 697 1098 ‚
719 1034 1021 1092 Madianitae
1039 1069 1056 1096 ‚
1077 1030 1299 1090 Anakaei
1317 1038 1372 1091 δε

71 1119 367 1174 aliiomnes
400 1116 683 1173 communi
714 1116 1032 1175 Phoenicum
1052 1112 1268 1172 nomine
1285 1133 1376 1171 ce<
1402 1179 1409 1194 l

71 1198 279 1256 lebrati.
325 1199 474 1254 Nam
492 1197 636 1274 quod
660 1198 947 1274 Procopius
976 1196 1238 1254 Iebusaeos
1255 1211 1370 1251 tan-

71 1298 188 1337 tum
223 1287 275 1339 &
307 1275 692 1357 Gergesaeosin
722 1274 960 1337 Africam
976 1273 1157 1358 fugiffe
1175 1276 1368 1340 tradit,

71 1363 158 1418 vel
174 1357 356 1417 falsum
376 1358 468 1424 est,
488 1362 572 1417 vel
586 1360 990 1441 intelligendum
1010 1361 1075 1417 de
1092 1361 1194 1417 illis
1209 1358 1370 1438 quiin

39 1478 42 1479 ν
73 1443 369 1520 Tingitana
398 1440 729 1508 habitarunt,
751 1441 1116 1500 conditoribus
1151 1440 1366 1519 Tingis,

71 1526 152 1582 Hi
169 1525 344 1603 primo
361 1524 415 1580 in
431 1525 708 1603 AEgyptum
728 1524 952 1581 vicinam
971 1539 1223 1581 venerunt
1239 1520 1368 1578 teste

64 1607 564 1684 etiam'Procopio,
597 1607 689 1663 ubi
718 1606 971 1686 AEgyptiis
1005 1602 1278 1663 connubio
1310 1611 1366 1668 δε

65 1688 296 1745 amicitia
313 1689 484 1752 mixti,
509 1685 685 1767 postea
701 1689 753 1744 in
775 1686 1007 1744 Africam
1028 1696 1077 1747 ὃ(
1098 1684 1377 1756 Graeciam*

70 1770 306 1826 colonias
359 1770 668 1828 eduxerunt.
725 1769 1045 1828 Cadmonaei
1100 1765 1253 1847 pulsis
1296 1788 1362 1824 ex

64 1850 377 1909 Phthiotide
398 1850 714 1910 Hellenibus
729 1853 1002 1930 regionem
1020 1853 1156 1908 inter
1171 1845 1361 1907 Offam

70 1940 124 1992 &
146 1933 447 2010 Olympum
466 1950 783 2014 occuparunt
811 1934 892 1990 vel
910 1950 964 1990 ut
981 1934 1068 1989 alii
1084 1929 1354 1990 Boeotiam

72 2021 125 2071 &
147 2014 412 2071 Doridem
430 2015 564 2074 circa
599 2010 889 2072 Parnassum
912 2036 1025 2094 quae
1043 2011 1258 2072 Estiotis
1276 2011 1356 2068 di-

64 2095 151 2150 ἃς)
171 2102 221 2151 &
242 2095 500 2152 Cadmeia
517 2135 533 2161 ‚
555 2119 611 2155 ac
643 2099 720 2155 ibi
755 2098 1019 2159 Aonibus,
1039 2092 1318 2153 Temnicis
1337 2127 1354 2159 ‚

67 2175 305 2240 Εὲὶεηὶε,
322 2178 620 2252 Hyantibus
635 2179 912 2257 permixti,
935 2179 1155 2235 Thebas
1173 2172 1356 2232 condi-

61 2254 269 2315 derunt.
306 2259 430 2312 Dux
448 2260 646 2332 itineris
663 2261 898 2319 Cadmus
919 2259 1183 2339 Agenoris
1199 2254 1355 2319 filius,

67 2339 152 2392 vel
169 2334 446 2393 secundum
466 2342 676 2399 Suidam
698 2342 1187 2423 Ogygistquoniam
1209 2337 1350 2394 idem

71 2421 301 2498 §gyges
336 2420 423 2493 qui
457 2425 675 2499 Agenor
693 2426 744 2483 id
764 2424 837 2484 est
856 2427 949 2503 Og
969 2426 1086 2482 Rex
1105 2419 1315 2490 Basan-is
1331 2454 1351 2480 5

1216 2501 1354 2579 cujus
1380 2547 1383 2550 ,
