1435 2696
63 54 176 106 260
237 99 239 102 ,
364 60 451 98 DE
475 44 770 100 Omana.
792 40 1132 98 GENTIVM

58 148 250 211 paucos
281 144 446 181 annos
478 138 761 202 antequam
798 122 989 180 urbem
1039 117 1332 180 conderent
1348 161 1367 189 ‚

58 223 314 292 egerunt:
350 208 472 285 quia
489 204 581 262 sub
612 204 806 261 eodem
842 207 994 282 Rege
1017 203 1370 264 Culhuacanae

63 303 116 354 &
149 291 212 347 ad
245 291 419 346 lacum
453 303 706 346 venerunt
753 295 806 347 &
843 285 1029 343 urbem
1064 281 1368 344 fundarunt.

61 382 233 434 Porro
250 371 306 444 {fis
321 371 426 445 jam
446 377 578 428 antev
600 375 705 426 An.
727 374 814 426 cI)
834 390 924 426 ccc
942 380 1004 426 xc
1018 388 1096 424 1v.
1140 368 1367 436 obierat,

64 477 124 515 ac
142 454 394 533 provefia
429 467 580 508 aetate
618 447 714 507 sub
749 450 1034 508 adventum
1058 450 1374 509 Mexicano-

64 557 182 594 rum
202 529 345 592 fuisse
362 555 424 589 ex
441 531 545 591 filia
563 532 730 590 nubili
748 534 1030 613 colligitur.
1071 536 1199 589 Sunt
1217 534 1379 615 igitur

62 612 399 676 incertiffima
433 635 546 696 quae
567 614 631 671 de
650 615 986 695 temporibus
1019 615 1376 673 Navatlacum

66 699 190 757 inde
211 698 276 755 ab
300 704 365 753 A.
389 699 496 754 ch.
518 701 573 754 Ia
593 718 649 754 cc
670 697 734 754 ad
755 703 843 756 cI>
863 719 919 756 cc
942 697 1225 754 traduntur.
1241 700 1377 756 Cer-

65 799 119 839 te
138 779 666 861 quiaMexicanorum
689 798 798 837 tam
819 800 996 838 recens
1014 779 1264 837 adlatum
1285 779 1378 837 ad-

66 880 253 923 ventus
271 870 320 922 &
341 882 429 919 ccc
446 862 592 918 annis
615 861 889 941 posterior,
912 883 1020 919 non
1039 861 1281 918 videntur
1297 862 1376 919 hae

65 946 307 1003 nationes
326 943 476 1001 fimul
493 945 546 999 in
567 946 874 1003 Culhuacan
894 942 1141 1003 habitasse
1160 952 1213 1004 &
1233 943 1376 1001 noti-

66 1029 192 1086 tiam
214 1044 446 1083 mutuam
466 1025 878 1086 habuiffe.Vnde
894 1024 980 1084 sex
998 1028 1239 1083 nationes
1257 1025 1381 1083 Me.-

67 1110 285 1168 xicanos
303 1126 548 1188 tanquam
570 1112 879 1188 peregrinos
914 1118 965 1171 δε
986 1109 1208 1168 advenas
1225 1148 1242 1174 ‚
1266 1129 1380 1164 ma-

69 1212 181 1271 gno
198 1191 327 1246 odio
346 1191 604 1267 prosecuti
619 1187 753 1248 sunt.
789 1194 924 1250 Pieri
944 1193 1175 1249 Annales
1197 1189 1226 1247 ὲ
1247 1195 1380 1247 Pur-

70 1272 244 1330 chafio
261 1272 408 1336 editi,
430 1289 778 1352 praeterquam
799 1276 943 1354 quod
967 1295 1153 1331 omnes
1171 1270 1380 1332 Acostae

71 1354 400 1411 narrationes
422 1355 486 1410 de
519 1355 680 1432 longa
696 1352 790 1411 sub
826 1356 993 1412 tribus
1013 1356 1195 1432 primis
1215 1354 1384 1434 Regi-

71 1436 170 1493 bus
205 1435 616 1492 Mexicanorum
647 1435 890 1495 servitute
909 1433 1199 1500 confutant,
1219 1440 1381 1493 etiam
1433 1497 1435 1507 .

73 1519 267 1574 nullam
287 1518 621 1595 migrationis
656 1541 717 1575 ex
753 1522 1125 1597 Septentrione
1148 1520 1383 1574 mentio-
1433 1531 1435 1598 1

74 1620 196 1656 nem
215 1595 413 1656 faciunt
444 1600 531 1656 sed
569 1601 824 1680 interpres
855 1622 1094 1658 errorum
1131 1601 1380 1657 meminit
1434 1599 1435 1614 ³

73 1699 354 1760 antequam
373 1680 624 1738 adlatum
643 1684 884 1741 venirent
900 1721 916 1747 ‚
950 1683 1091 1763 quod
1112 1684 1242 1738 circa
1263 1687 1375 1740 An.

77 1764 183 1819 Ch.
206 1767 292 1818 cla
311 1783 398 1819 ccc
416 1785 482 1819 xx
498 1760 793 1824 1v.fa6tum
812 1767 941 1822 vult.
985 1763 1236 1823 Testatur
1253 1765 1379 1822 alibi

73 1842 273 1900 Acosta
307 1865 320 1898 :
355 1847 532 1899 Omnia
565 1849 949 1902 Americanorum
982 1860 1286 1901 monumenta
1317 1846 1378 1906 (θ’

73 1925 326 1979 relationes
337 1944 425 1979 non
434 1923 660 2001 superare
678 1951 797 1987 cccc
818 1948 962 1983 annos
977 1925 1253 2003 :superiora
1272 1946 1376 1983 me-

76 2023 152 2059 ms
170 2006 251 2081 effe
269 2008 476 2062 tenebras
508 2010 532 2062 ἑ
562 2011 722 2081 quibus
751 2014 868 2065 certi
898 2011 1017 2065 mhi!
1046 2010 1376 2083 eruerepossis.

79 2088 179 2144 Sed
195 2105 249 2145 ut
267 2087 607 2167 discrepantia
625 2109 926 2171 temporum
950 2088 1273 2152 manifestior
1288 2090 1380 2149 fiat
1411 2117 1413 2119 ’

73 2170 381 2226 laterculum
401 2172 786 2253 Chronologiae
803 2175 1093 2234 Mexicanae
1115 2195 1387 2254 propone·
1410 2207 1416 2215 -·

84 2268 220 2305 mus.

161 2334 234 2388 Io
267 2348 356 2387 cc.
394 2336 626 2392 Annales
656 2334 1378 2417 Vtiatanenfium(quifuere

244 2414 465 2491 populus
496 2417 945 2489 Guahutimailae)
986 2421 1247 2501 incipiunt
1274 2456 1290 2482 ‚
1324 2427 1379 2478 &

1006 2500 1017 2504 ⁵
1222 2494 1378 2576 usque
