<?xml version="1.0" encoding="UTF-8"?>
<!DOCTYPE html PUBLIC "-//W3C//DTD XHTML 1.0 Transitional//EN"
    "http://www.w3.org/TR/xhtml1/DTD/xhtml1-transitional.dtd">
<html xmlns="http://www.w3.org/1999/xhtml" xml:lang="en" lang="en">
 <head>
  <title>
</title>
<meta http-equiv="Content-Type" content="text/html;charset=utf-8" />
  <meta name='ocr-system' content='tesseract 3.04.00' />
  <meta name='ocr-capabilities' content='ocr_page ocr_carea ocr_par ocr_line ocrx_word'/>
</head>
<body>
  <div class='ocr_page' id='page_1' title='image "./georgihornideori00horn_0061.png"; bbox 0 0 1435 2696; ppageno 0'>
   <div class='ocr_carea' id='block_1_1' title="bbox 0 0 23 2696">
    <p class='ocr_par' dir='ltr' id='par_1_1' title="bbox 0 0 23 2696">
     <span class='ocr_line' id='line_1_1' title="bbox 0 0 23 2696; baseline 0 0"><span class='ocrx_word' id='word_1_1' title='bbox 0 0 23 2696; x_wconf 95' lang='lat' dir='ltr'><strong> </strong></span> 
     </span>
    </p>
   </div>
   <div class='ocr_carea' id='block_1_2' title="bbox 11 40 1383 2573">
    <p class='ocr_par' dir='ltr' id='par_1_2' title="bbox 11 40 1383 2573">
     <span class='ocr_line' id='line_1_2' title="bbox 13 40 1379 128; baseline 0.005 -30"><span class='ocrx_word' id='word_1_2' title='bbox 13 90 16 109; x_wconf 33' lang='grc' dir='ltr'><em>Α</em></span> <span class='ocrx_word' id='word_1_3' title='bbox 325 40 1143 111; x_wconf 65' lang='grc' dir='ltr'><strong>ΑΜῈΒῙΟΑΝΑΒνΜ,Ιὶἱι.Ι.</strong></span> <span class='ocrx_word' id='word_1_4' title='bbox 1318 70 1379 128; x_wconf 81' lang='lat'><strong>35</strong></span> 
     </span>
     <span class='ocr_line' id='line_1_3' title="bbox 44 121 1370 206; baseline 0.004 -22"><span class='ocrx_word' id='word_1_5' title='bbox 44 121 338 206; x_wconf 70' lang='lat' dir='ltr'><strong>&#39;imprimis</strong></span> <span class='ocrx_word' id='word_1_6' title='bbox 371 125 543 204; x_wconf 85' lang='lat' dir='ltr'><strong>Hugo</strong></span> <span class='ocrx_word' id='word_1_7' title='bbox 591 123 836 181; x_wconf 86' lang='lat' dir='ltr'><strong>Grotius.</strong></span> <span class='ocrx_word' id='word_1_8' title='bbox 899 132 951 185; x_wconf 88' lang='lat' dir='ltr'><strong>Is</strong></span> <span class='ocrx_word' id='word_1_9' title='bbox 985 147 1043 188; x_wconf 90' lang='lat' dir='ltr'><strong>ut</strong></span> <span class='ocrx_word' id='word_1_10' title='bbox 1081 130 1370 199; x_wconf 79' lang='lat' dir='ltr'><strong>Abvfl&#39;mos</strong></span> 
     </span>
     <span class='ocr_line' id='line_1_4' title="bbox 69 203 1373 280; baseline 0 -11"><span class='ocrx_word' id='word_1_11' title='bbox 69 206 266 270; x_wconf 83' lang='lat' dir='ltr'><strong>Africae</strong></span> <span class='ocrx_word' id='word_1_12' title='bbox 293 203 712 265; x_wconf 81' lang='lat' dir='ltr'><strong>Iucatanenfium</strong></span> <span class='ocrx_word' id='word_1_13' title='bbox 745 207 1050 270; x_wconf 81' lang='lat' dir='ltr'><strong>conditores</strong></span> <span class='ocrx_word' id='word_1_14' title='bbox 1064 208 1216 272; x_wconf 90' lang='lat' dir='ltr'><strong>faciat</strong></span> <span class='ocrx_word' id='word_1_15' title='bbox 1235 251 1253 280; x_wconf 88' lang='lat'>‚</span> <span class='ocrx_word' id='word_1_16' title='bbox 1272 214 1373 272; x_wconf 90' lang='lat' dir='ltr'><strong>cir-</strong></span> 
     </span>
     <span class='ocr_line' id='line_1_5' title="bbox 14 286 1374 376; baseline 0.002 -25"><span class='ocrx_word' id='word_1_17' title='bbox 14 305 16 320; x_wconf 29' lang='lat'><strong>}</strong></span> <span class='ocrx_word' id='word_1_18' title='bbox 71 286 451 351; x_wconf 83' lang='lat' dir='ltr'><strong>cumcifionem</strong></span> <span class='ocrx_word' id='word_1_19' title='bbox 484 296 538 349; x_wconf 89' lang='lat'><strong>&amp;</strong></span> <span class='ocrx_word' id='word_1_20' title='bbox 559 286 882 366; x_wconf 86' lang='lat' dir='ltr'><strong>baptismum</strong></span> <span class='ocrx_word' id='word_1_21' title='bbox 903 289 1099 371; x_wconf 89' lang='lat' dir='ltr'>profert</span> <span class='ocrx_word' id='word_1_22' title='bbox 1118 317 1226 376; x_wconf 90' lang='lat' dir='ltr'><strong>quo</strong></span> <span class='ocrx_word' id='word_1_23' title='bbox 1244 297 1374 354; x_wconf 88' lang='lat' dir='ltr'><strong>utri-</strong></span> 
     </span>
     <span class='ocr_line' id='line_1_6' title="bbox 72 369 1372 458; baseline 0.004 -28"><span class='ocrx_word' id='word_1_24' title='bbox 72 394 176 455; x_wconf 88' lang='lat' dir='ltr'><strong>que</strong></span> <span class='ocrx_word' id='word_1_25' title='bbox 189 369 284 430; x_wconf 84' lang='lat' dir='ltr'><strong>ufi·</strong></span> <span class='ocrx_word' id='word_1_26' title='bbox 340 370 568 431; x_wconf 86' lang='lat' dir='ltr'>Addunt</span> <span class='ocrx_word' id='word_1_27' title='bbox 598 370 685 427; x_wconf 87' lang='lat' dir='ltr'><strong>alii</strong></span> <span class='ocrx_word' id='word_1_28' title='bbox 716 391 893 430; x_wconf 83' lang='lat' dir='ltr'><strong>cruces</strong></span> <span class='ocrx_word' id='word_1_29' title='bbox 927 371 1105 453; x_wconf 77' lang='lat' dir='ltr'><strong>passim</strong></span> <span class='ocrx_word' id='word_1_30' title='bbox 1124 393 1372 458; x_wconf 84' lang='lat' dir='ltr'><strong>repertas.</strong></span> 
     </span>
     <span class='ocr_line' id='line_1_7' title="bbox 76 452 1371 517; baseline 0.003 -5"><span class='ocrx_word' id='word_1_31' title='bbox 76 453 169 513; x_wconf 88' lang='lat' dir='ltr'><strong>De</strong></span> <span class='ocrx_word' id='word_1_32' title='bbox 185 452 438 512; x_wconf 82' lang='lat' dir='ltr'><strong>omnibus</strong></span> <span class='ocrx_word' id='word_1_33' title='bbox 469 452 677 511; x_wconf 84' lang='lat' dir='ltr'><strong>ordine.</strong></span> <span class='ocrx_word' id='word_1_34' title='bbox 724 455 894 511; x_wconf 86' lang='lat' dir='ltr'><strong>Primi</strong></span> <span class='ocrx_word' id='word_1_35' title='bbox 927 466 973 514; x_wconf 85' lang='lat' dir='ltr'>A</span> <span class='ocrx_word' id='word_1_36' title='bbox 986 458 1190 516; x_wconf 83' lang='lat' dir='ltr'><strong>mericae</strong></span> <span class='ocrx_word' id='word_1_37' title='bbox 1222 458 1371 517; x_wconf 87' lang='lat' dir='ltr'><strong>dete-</strong></span> 
     </span>
     <span class='ocr_line' id='line_1_8' title="bbox 75 531 1372 616; baseline 0.003 -22"><span class='ocrx_word' id='word_1_38' title='bbox 75 537 254 595; x_wconf 64' lang='lat' dir='ltr'><strong>&amp;ores</strong></span> <span class='ocrx_word' id='word_1_39' title='bbox 300 557 359 594; x_wconf 89' lang='lat' dir='ltr'><strong>ac</strong></span> <span class='ocrx_word' id='word_1_40' title='bbox 388 531 670 616; x_wconf 85' lang='lat' dir='ltr'><strong>scriptores</strong></span> <span class='ocrx_word' id='word_1_41' title='bbox 708 536 1036 597; x_wconf 84' lang='lat' dir='ltr'><strong>tradiderunt</strong></span> <span class='ocrx_word' id='word_1_42' title='bbox 1066 543 1372 599; x_wconf 84' lang='lat' dir='ltr'><strong>Iucatanen-</strong></span> 
     </span>
     <span class='ocr_line' id='line_1_9' title="bbox 68 612 1375 699; baseline 0.003 -23"><span class='ocrx_word' id='word_1_43' title='bbox 68 616 207 677; x_wconf 77' lang='lat' dir='ltr'><strong>sium</strong></span> <span class='ocrx_word' id='word_1_44' title='bbox 225 616 362 676; x_wconf 85' lang='lat' dir='ltr'><strong>haud</strong></span> <span class='ocrx_word' id='word_1_45' title='bbox 381 637 573 698; x_wconf 89' lang='lat' dir='ltr'><strong>paucos</strong></span> <span class='ocrx_word' id='word_1_46' title='bbox 588 612 729 675; x_wconf 82' lang='lat' dir='ltr'><strong>fuiffe</strong></span> <span class='ocrx_word' id='word_1_47' title='bbox 745 619 1015 678; x_wconf 79' lang='lat' dir='ltr'><strong>recutitos.</strong></span> <span class='ocrx_word' id='word_1_48' title='bbox 1036 621 1244 699; x_wconf 87' lang='lat' dir='ltr'><strong>Martyr</strong></span> <span class='ocrx_word' id='word_1_49' title='bbox 1262 625 1375 680; x_wconf 89' lang='lat' dir='ltr'><strong>An·-</strong></span> 
     </span>
     <span class='ocr_line' id='line_1_10' title="bbox 14 697 1375 781; baseline 0 -21"><span class='ocrx_word' id='word_1_50' title='bbox 14 734 16 740; x_wconf 58' lang='lat'>&gt;</span> <span class='ocrx_word' id='word_1_51' title='bbox 73 701 268 781; x_wconf 82' lang='lat' dir='ltr'><strong>glerius</strong></span> <span class='ocrx_word' id='word_1_52' title='bbox 288 722 303 758; x_wconf 70' lang='grc' dir='ltr'><strong>ι</strong></span> <span class='ocrx_word' id='word_1_53' title='bbox 326 707 467 765; x_wconf 84' lang='lat' dir='ltr'><em>Sunt,</em></span> <span class='ocrx_word' id='word_1_54' title='bbox 480 697 567 776; x_wconf 76' lang='lat' dir='ltr'><strong>sed</strong></span> <span class='ocrx_word' id='word_1_55' title='bbox 580 716 669 755; x_wconf 83' lang='lat' dir='ltr'><strong>non</strong></span> <span class='ocrx_word' id='word_1_56' title='bbox 686 716 878 765; x_wconf 85' lang='lat' dir='ltr'><strong>omnes,</strong></span> <span class='ocrx_word' id='word_1_57' title='bbox 907 703 1116 758; x_wconf 63' lang='lat' dir='ltr'><strong>recutiti.</strong></span> <span class='ocrx_word' id='word_1_58' title='bbox 1160 706 1375 761; x_wconf 81' lang='lat' dir='ltr'><strong>Goma-</strong></span> 
     </span>
     <span class='ocr_line' id='line_1_11' title="bbox 70 779 1378 857; baseline 0.001 -16"><span class='ocrx_word' id='word_1_59' title='bbox 70 803 126 841; x_wconf 87' lang='lat' dir='ltr'><strong>ra</strong></span> <span class='ocrx_word' id='word_1_60' title='bbox 145 803 160 839; x_wconf 90' lang='lat'><strong>.·</strong></span> <span class='ocrx_word' id='word_1_61' title='bbox 186 783 566 848; x_wconf 75' lang='lat' dir='ltr'><strong>circumcidunt,</strong></span> <span class='ocrx_word' id='word_1_62' title='bbox 575 779 661 857; x_wconf 89' lang='lat' dir='ltr'><strong>sed</strong></span> <span class='ocrx_word' id='word_1_63' title='bbox 675 799 764 836; x_wconf 87' lang='lat' dir='ltr'><strong>non</strong></span> <span class='ocrx_word' id='word_1_64' title='bbox 781 800 950 839; x_wconf 82' lang='lat' dir='ltr'><strong>omnes.</strong></span> <span class='ocrx_word' id='word_1_65' title='bbox 969 784 1120 841; x_wconf 84' lang='lat' dir='ltr'><strong>Idem</strong></span> <span class='ocrx_word' id='word_1_66' title='bbox 1139 783 1205 841; x_wconf 88' lang='lat' dir='ltr'><strong>de</strong></span> <span class='ocrx_word' id='word_1_67' title='bbox 1226 786 1378 842; x_wconf 88' lang='lat' dir='ltr'><strong>Gua-</strong></span> 
     </span>
     <span class='ocr_line' id='line_1_12' title="bbox 11 860 1379 923; baseline -0.001 0"><span class='ocrx_word' id='word_1_68' title='bbox 11 910 15 913; x_wconf 42' lang='lat'><strong>.</strong></span> <span class='ocrx_word' id='word_1_69' title='bbox 71 863 500 923; x_wconf 83' lang='lat' dir='ltr'><strong>zacualcenfibus</strong></span> <span class='ocrx_word' id='word_1_70' title='bbox 530 867 760 922; x_wconf 80' lang='lat' dir='ltr'><strong>Herrera</strong></span> <span class='ocrx_word' id='word_1_71' title='bbox 784 864 958 922; x_wconf 86' lang='lat' dir='ltr'><strong>tradit.</strong></span> <span class='ocrx_word' id='word_1_72' title='bbox 1006 860 1185 923; x_wconf 85' lang='lat' dir='ltr'><strong>Falsos</strong></span> <span class='ocrx_word' id='word_1_73' title='bbox 1202 881 1379 922; x_wconf 84' lang='lat' dir='ltr'><strong>autem</strong></span> 
     </span>
     <span class='ocr_line' id='line_1_13' title="bbox 73 946 1382 1026; baseline -0.001 -22"><span class='ocrx_word' id='word_1_74' title='bbox 73 947 314 1026; x_wconf 86' lang='lat' dir='ltr'><strong>Martyre</strong></span> <span class='ocrx_word' id='word_1_75' title='bbox 324 968 375 1003; x_wconf 89' lang='lat' dir='ltr'><strong>m</strong></span> <span class='ocrx_word' id='word_1_76' title='bbox 396 953 450 1007; x_wconf 71' lang='grc' dir='ltr'><strong>δι</strong></span> <span class='ocrx_word' id='word_1_77' title='bbox 469 949 769 1004; x_wconf 85' lang='lat' dir='ltr'><strong>Gomaram</strong></span> <span class='ocrx_word' id='word_1_78' title='bbox 788 947 842 1003; x_wconf 90' lang='lat' dir='ltr'><strong>in</strong></span> <span class='ocrx_word' id='word_1_79' title='bbox 863 946 1304 1011; x_wconf 74' lang='lat' dir='ltr'><strong>IucatanenfibUS,</strong></span> <span class='ocrx_word' id='word_1_80' title='bbox 1318 968 1382 1003; x_wconf 86' lang='lat' dir='ltr'><strong>ex</strong></span> 
     </span>
     <span class='ocr_line' id='line_1_14' title="bbox 73 1027 1380 1109; baseline -0.002 -21"><span class='ocrx_word' id='word_1_81' title='bbox 73 1027 273 1088; x_wconf 78' lang='lat' dir='ltr'><strong>Acosta</strong></span> <span class='ocrx_word' id='word_1_82' title='bbox 291 1037 343 1089; x_wconf 90' lang='lat'>&amp;</span> <span class='ocrx_word' id='word_1_83' title='bbox 363 1031 594 1086; x_wconf 86' lang='lat' dir='ltr'><strong>Herrera</strong></span> <span class='ocrx_word' id='word_1_84' title='bbox 615 1044 773 1108; x_wconf 82' lang='lat' dir='ltr'><strong>patet,</strong></span> <span class='ocrx_word' id='word_1_85' title='bbox 801 1029 1027 1109; x_wconf 89' lang='lat' dir='ltr'><strong>quicum</strong></span> <span class='ocrx_word' id='word_1_86' title='bbox 1047 1028 1173 1086; x_wconf 84' lang='lat' dir='ltr'><strong>ritus</strong></span> <span class='ocrx_word' id='word_1_87' title='bbox 1188 1048 1380 1085; x_wconf 86' lang='lat' dir='ltr'><strong>omnes</strong></span> 
     </span>
     <span class='ocr_line' id='line_1_15' title="bbox 71 1104 1383 1184; baseline -0.003 -16"><span class='ocrx_word' id='word_1_88' title='bbox 71 1126 308 1168; x_wconf 80' lang='lat' dir='ltr'><strong>accurate</strong></span> <span class='ocrx_word' id='word_1_89' title='bbox 327 1104 660 1174; x_wconf 85' lang='lat' dir='ltr'><strong>describant,</strong></span> <span class='ocrx_word' id='word_1_90' title='bbox 689 1110 873 1167; x_wconf 87' lang='lat' dir='ltr'><strong>nullibi</strong></span> <span class='ocrx_word' id='word_1_91' title='bbox 905 1127 1084 1167; x_wconf 68' lang='lat' dir='ltr'><strong>tamen</strong></span> <span class='ocrx_word' id='word_1_92' title='bbox 1114 1109 1263 1184; x_wconf 83' lang='lat' dir='ltr'><strong>hujus</strong></span> <span class='ocrx_word' id='word_1_93' title='bbox 1281 1109 1383 1165; x_wconf 89' lang='lat' dir='ltr'><strong>cir-</strong></span> 
     </span>
     <span class='ocr_line' id='line_1_16' title="bbox 71 1190 1383 1251; baseline -0.003 -1"><span class='ocrx_word' id='word_1_94' title='bbox 71 1190 406 1250; x_wconf 82' lang='lat' dir='ltr'><strong>cumcifionis</strong></span> <span class='ocrx_word' id='word_1_95' title='bbox 423 1194 502 1250; x_wconf 88' lang='lat' dir='ltr'><strong>vel</strong></span> <span class='ocrx_word' id='word_1_96' title='bbox 522 1190 688 1251; x_wconf 89' lang='lat' dir='ltr'><strong>verbo</strong></span> <span class='ocrx_word' id='word_1_97' title='bbox 708 1192 1082 1249; x_wconf 85' lang='lat' dir='ltr'><strong>meminerunt.</strong></span> <span class='ocrx_word' id='word_1_98' title='bbox 1104 1191 1261 1251; x_wconf 87' lang='lat' dir='ltr'><strong>Vnde</strong></span> <span class='ocrx_word' id='word_1_99' title='bbox 1279 1195 1383 1247; x_wconf 85' lang='lat' dir='ltr'><strong>La-</strong></span> 
     </span>
     <span class='ocr_line' id='line_1_17' title="bbox 71 1270 1378 1353; baseline -0.002 -22"><span class='ocrx_word' id='word_1_100' title='bbox 71 1275 176 1332; x_wconf 83' lang='lat' dir='ltr'><strong>tius</strong></span> <span class='ocrx_word' id='word_1_101' title='bbox 198 1271 466 1353; x_wconf 88' lang='lat' dir='ltr'><strong>Hispanos</strong></span> <span class='ocrx_word' id='word_1_102' title='bbox 483 1273 737 1353; x_wconf 83' lang='lat' dir='ltr'><strong>deceptos</strong></span> <span class='ocrx_word' id='word_1_103' title='bbox 757 1273 1052 1353; x_wconf 84' lang='lat' dir='ltr'><strong>suspicatur,</strong></span> <span class='ocrx_word' id='word_1_104' title='bbox 1072 1280 1125 1334; x_wconf 87' lang='lat'>&amp;</span> <span class='ocrx_word' id='word_1_105' title='bbox 1144 1270 1378 1329; x_wconf 88' lang='lat' dir='ltr'><strong>arrosum</strong></span> 
     </span>
     <span class='ocr_line' id='line_1_18' title="bbox 68 1350 1378 1436; baseline -0.003 -23"><span class='ocrx_word' id='word_1_106' title='bbox 68 1357 152 1413; x_wconf 90' lang='lat' dir='ltr'><strong>lue</strong></span> <span class='ocrx_word' id='word_1_107' title='bbox 170 1376 532 1436; x_wconf 81' lang='lat' dir='ltr'><strong>venerea,quae</strong></span> <span class='ocrx_word' id='word_1_108' title='bbox 549 1350 905 1436; x_wconf 76' lang='lat' dir='ltr'><strong>ibifrequen3‚</strong></span> <span class='ocrx_word' id='word_1_109' title='bbox 925 1355 1257 1436; x_wconf 82' lang='lat' dir='ltr'><strong>praeputium,</strong></span> <span class='ocrx_word' id='word_1_110' title='bbox 1281 1373 1378 1431; x_wconf 86' lang='lat' dir='ltr'><strong>pro</strong></span> 
     </span>
     <span class='ocr_line' id='line_1_19' title="bbox 68 1435 1375 1518; baseline -0.003 -23"><span class='ocrx_word' id='word_1_111' title='bbox 68 1437 466 1496; x_wconf 72' lang='lat' dir='ltr'><strong>circumcisione</strong></span> <span class='ocrx_word' id='word_1_112' title='bbox 499 1456 772 1516; x_wconf 84' lang='lat' dir='ltr'><strong>acceptum</strong></span> <span class='ocrx_word' id='word_1_113' title='bbox 820 1453 968 1518; x_wconf 87' lang='lat' dir='ltr'><strong>putat</strong></span> <span class='ocrx_word' id='word_1_114' title='bbox 988 1475 1005 1502; x_wconf 86' lang='lat'>‚</span> <span class='ocrx_word' id='word_1_115' title='bbox 1039 1456 1145 1493; x_wconf 89' lang='lat' dir='ltr'><strong>non</strong></span> <span class='ocrx_word' id='word_1_116' title='bbox 1180 1435 1375 1514; x_wconf 82' lang='lat' dir='ltr'><strong>absque</strong></span> 
     </span>
     <span class='ocr_line' id='line_1_20' title="bbox 62 1515 1370 1601; baseline -0.004 -26"><span class='ocrx_word' id='word_1_117' title='bbox 62 1515 196 1577; x_wconf 86' lang='lat' dir='ltr'><strong>salso</strong></span> <span class='ocrx_word' id='word_1_118' title='bbox 212 1515 312 1577; x_wconf 88' lang='lat' dir='ltr'><strong>risu</strong></span> <span class='ocrx_word' id='word_1_119' title='bbox 332 1518 671 1596; x_wconf 82' lang='lat' dir='ltr'><strong>Grotii‚quafi</strong></span> <span class='ocrx_word' id='word_1_120' title='bbox 687 1522 858 1601; x_wconf 85' lang='lat' dir='ltr'><strong>inquit</strong></span> <span class='ocrx_word' id='word_1_121' title='bbox 874 1521 944 1573; x_wconf 83' lang='lat' dir='ltr'><strong>ita</strong></span> <span class='ocrx_word' id='word_1_122' title='bbox 963 1519 1154 1574; x_wconf 81' lang='lat' dir='ltr'><strong>Iudaica</strong></span> <span class='ocrx_word' id='word_1_123' title='bbox 1169 1518 1272 1593; x_wconf 80' lang='lat' dir='ltr'><strong>effet</strong></span> <span class='ocrx_word' id='word_1_124' title='bbox 1286 1516 1370 1570; x_wconf 76' lang='lat' dir='ltr'><strong>illa</strong></span> 
     </span>
     <span class='ocr_line' id='line_1_21' title="bbox 27 1598 1365 1675; baseline -0.003 -19"><span class='ocrx_word' id='word_1_125' title='bbox 27 1611 30 1613; x_wconf 73' lang='grc'><strong>’</strong></span> <span class='ocrx_word' id='word_1_126' title='bbox 66 1602 194 1667; x_wconf 84' lang='lat' dir='ltr'><strong>lues,</strong></span> <span class='ocrx_word' id='word_1_127' title='bbox 231 1616 284 1656; x_wconf 86' lang='lat' dir='ltr'><strong>ut</strong></span> <span class='ocrx_word' id='word_1_128' title='bbox 295 1604 578 1675; x_wconf 67' lang='lat' dir='ltr'><strong>preputium</strong></span> <span class='ocrx_word' id='word_1_129' title='bbox 587 1603 783 1673; x_wconf 81' lang='lat' dir='ltr'><strong>perdere</strong></span> <span class='ocrx_word' id='word_1_130' title='bbox 798 1613 1013 1656; x_wconf 79' lang='lat' dir='ltr'><strong>contenta</strong></span> <span class='ocrx_word' id='word_1_131' title='bbox 1028 1598 1365 1672; x_wconf 67' lang='lat' dir='ltr'><strong>ceterisparti-</strong></span> 
     </span>
     <span class='ocr_line' id='line_1_22' title="bbox 66 1680 1365 1756; baseline -0.002 -17"><span class='ocrx_word' id='word_1_132' title='bbox 66 1683 144 1739; x_wconf 78' lang='lat' dir='ltr'><strong>bus</strong></span> <span class='ocrx_word' id='word_1_133' title='bbox 157 1698 388 1756; x_wconf 80' lang='lat' dir='ltr'><strong>parceret.</strong></span> <span class='ocrx_word' id='word_1_134' title='bbox 446 1683 620 1754; x_wconf 87' lang='lat' dir='ltr'><strong>Quod</strong></span> <span class='ocrx_word' id='word_1_135' title='bbox 652 1684 683 1740; x_wconf 82' lang='lat' dir='ltr'>fi</span> <span class='ocrx_word' id='word_1_136' title='bbox 703 1701 843 1743; x_wconf 86' lang='lat' dir='ltr'><strong>certa</strong></span> <span class='ocrx_word' id='word_1_137' title='bbox 861 1680 1268 1742; x_wconf 74' lang='lat' dir='ltr'><strong>circumcisionis</strong></span> <span class='ocrx_word' id='word_1_138' title='bbox 1283 1680 1365 1737; x_wconf 84' lang='lat' dir='ltr'><strong>in·-</strong></span> 
     </span>
     <span class='ocr_line' id='line_1_23' title="bbox 66 1762 1364 1844; baseline -0.003 -21"><span class='ocrx_word' id='word_1_139' title='bbox 66 1781 150 1823; x_wconf 86' lang='lat' dir='ltr'><strong>ter</strong></span> <span class='ocrx_word' id='word_1_140' title='bbox 165 1767 512 1824; x_wconf 85' lang='lat' dir='ltr'><strong>Americanos</strong></span> <span class='ocrx_word' id='word_1_141' title='bbox 528 1766 720 1824; x_wconf 87' lang='lat' dir='ltr'><strong>indicia</strong></span> <span class='ocrx_word' id='word_1_142' title='bbox 757 1767 1105 1844; x_wconf 83' lang='lat' dir='ltr'><strong>reperiantur,</strong></span> <span class='ocrx_word' id='word_1_143' title='bbox 1143 1783 1249 1819; x_wconf 88' lang='lat' dir='ltr'><strong>non</strong></span> <span class='ocrx_word' id='word_1_144' title='bbox 1267 1762 1364 1819; x_wconf 90' lang='lat' dir='ltr'><strong>du-</strong></span> 
     </span>
     <span class='ocr_line' id='line_1_24' title="bbox 65 1842 1363 1928; baseline -0.003 -24"><span class='ocrx_word' id='word_1_145' title='bbox 65 1845 236 1905; x_wconf 86' lang='lat' dir='ltr'><strong>bitem</strong></span> <span class='ocrx_word' id='word_1_146' title='bbox 258 1849 310 1905; x_wconf 92' lang='lat' dir='ltr'><strong>id</strong></span> <span class='ocrx_word' id='word_1_147' title='bbox 331 1848 550 1906; x_wconf 83' lang='lat' dir='ltr'><strong>Iudaicae</strong></span> <span class='ocrx_word' id='word_1_148' title='bbox 568 1849 760 1928; x_wconf 82' lang='lat' dir='ltr'><strong>origini</strong></span> <span class='ocrx_word' id='word_1_149' title='bbox 777 1842 1087 1904; x_wconf 86' lang='lat' dir='ltr'><strong>adscribere.</strong></span> <span class='ocrx_word' id='word_1_150' title='bbox 1121 1843 1223 1902; x_wconf 90' lang='lat' dir='ltr'><strong>Sed</strong></span> <span class='ocrx_word' id='word_1_151' title='bbox 1241 1864 1363 1902; x_wconf 89' lang='lat' dir='ltr'><strong>cau-</strong></span> 
     </span>
     <span class='ocr_line' id='line_1_25' title="bbox 61 1922 1358 2010; baseline -0.004 -25"><span class='ocrx_word' id='word_1_152' title='bbox 61 1922 115 1986; x_wconf 86' lang='lat' dir='ltr'><strong>sa</strong></span> <span class='ocrx_word' id='word_1_153' title='bbox 137 1932 275 1987; x_wconf 85' lang='lat' dir='ltr'><strong>nulla</strong></span> <span class='ocrx_word' id='word_1_154' title='bbox 292 1929 365 1988; x_wconf 88' lang='lat' dir='ltr'><strong>est</strong></span> <span class='ocrx_word' id='word_1_155' title='bbox 384 1951 472 1988; x_wconf 89' lang='lat' dir='ltr'><strong>cur</strong></span> <span class='ocrx_word' id='word_1_156' title='bbox 503 1948 611 1988; x_wconf 74' lang='lat' dir='ltr'><strong>tam</strong></span> <span class='ocrx_word' id='word_1_157' title='bbox 632 1931 791 2010; x_wconf 84' lang='lat' dir='ltr'><strong>longe</strong></span> <span class='ocrx_word' id='word_1_158' title='bbox 811 1945 1046 1986; x_wconf 86' lang='lat' dir='ltr'><strong>remotos</strong></span> <span class='ocrx_word' id='word_1_159' title='bbox 1065 1922 1358 1987; x_wconf 63' lang='lat' dir='ltr'><strong>Afflffmos,</strong></span> 
     </span>
     <span class='ocr_line' id='line_1_26' title="bbox 70 2007 1360 2092; baseline -0.005 -24"><span class='ocrx_word' id='word_1_160' title='bbox 70 2012 160 2092; x_wconf 87' lang='lat' dir='ltr'><strong>qui</strong></span> <span class='ocrx_word' id='word_1_161' title='bbox 176 2013 335 2071; x_wconf 87' lang='lat' dir='ltr'><strong>etiam</strong></span> <span class='ocrx_word' id='word_1_162' title='bbox 355 2034 418 2069; x_wconf 85' lang='lat' dir='ltr'><strong>ex</strong></span> <span class='ocrx_word' id='word_1_163' title='bbox 435 2013 600 2073; x_wconf 84' lang='lat' dir='ltr'><strong>veteri</strong></span> <span class='ocrx_word' id='word_1_164' title='bbox 617 2007 880 2069; x_wconf 82' lang='lat' dir='ltr'><strong>Iudaismo</strong></span> <span class='ocrx_word' id='word_1_165' title='bbox 896 2007 1360 2068; x_wconf 84' lang='lat' dir='ltr'><strong>circumciduntur,</strong></span> 
     </span>
     <span class='ocr_line' id='line_1_27' title="bbox 18 2088 1360 2152; baseline -0.006 -1"><span class='ocrx_word' id='word_1_166' title='bbox 18 2118 19 2121; x_wconf 43' lang='lat'>¹</span> <span class='ocrx_word' id='word_1_167' title='bbox 65 2093 121 2151; x_wconf 89' lang='lat' dir='ltr'><strong>in</strong></span> <span class='ocrx_word' id='word_1_168' title='bbox 153 2098 454 2152; x_wconf 84' lang='lat' dir='ltr'><strong>Iucatanam</strong></span> <span class='ocrx_word' id='word_1_169' title='bbox 488 2091 877 2151; x_wconf 76' lang='lat' dir='ltr'><strong>transferamus,</strong></span> <span class='ocrx_word' id='word_1_170' title='bbox 920 2093 1054 2149; x_wconf 90' lang='lat' dir='ltr'><strong>Non</strong></span> <span class='ocrx_word' id='word_1_171' title='bbox 1088 2090 1259 2146; x_wconf 86' lang='lat' dir='ltr'><strong>minus</strong></span> <span class='ocrx_word' id='word_1_172' title='bbox 1276 2088 1360 2144; x_wconf 88' lang='lat' dir='ltr'><strong>in-</strong></span> 
     </span>
     <span class='ocr_line' id='line_1_28' title="bbox 68 2172 1358 2251; baseline -0.003 -19"><span class='ocrx_word' id='word_1_173' title='bbox 68 2193 208 2233; x_wconf 83' lang='lat' dir='ltr'><strong>certa</strong></span> <span class='ocrx_word' id='word_1_174' title='bbox 224 2196 302 2232; x_wconf 86' lang='lat' dir='ltr'><strong>res</strong></span> <span class='ocrx_word' id='word_1_175' title='bbox 323 2176 387 2232; x_wconf 88' lang='lat' dir='ltr'><strong>de</strong></span> <span class='ocrx_word' id='word_1_176' title='bbox 406 2174 643 2233; x_wconf 88' lang='lat' dir='ltr'><strong>crucibus</strong></span> <span class='ocrx_word' id='word_1_177' title='bbox 662 2175 733 2231; x_wconf 87' lang='lat' dir='ltr'><strong>est</strong></span> <span class='ocrx_word' id='word_1_178' title='bbox 752 2212 768 2238; x_wconf 91' lang='lat'>‚</span> <span class='ocrx_word' id='word_1_179' title='bbox 804 2195 928 2251; x_wconf 84' lang='lat' dir='ltr'><strong>quas</strong></span> <span class='ocrx_word' id='word_1_180' title='bbox 947 2189 1178 2250; x_wconf 84' lang='lat' dir='ltr'><strong>repertas</strong></span> <span class='ocrx_word' id='word_1_181' title='bbox 1196 2172 1358 2249; x_wconf 81' lang='lat' dir='ltr'><strong>aliqui</strong></span> 
     </span>
     <span class='ocr_line' id='line_1_29' title="bbox 66 2253 1363 2334; baseline -0.003 -22"><span class='ocrx_word' id='word_1_182' title='bbox 66 2257 389 2322; x_wconf 81' lang='lat' dir='ltr'><strong>tradunt‚alii</strong></span> <span class='ocrx_word' id='word_1_183' title='bbox 409 2258 567 2314; x_wconf 83' lang='lat' dir='ltr'><strong>etiam</strong></span> <span class='ocrx_word' id='word_1_184' title='bbox 591 2273 804 2334; x_wconf 82' lang='lat' dir='ltr'><strong>negant,</strong></span> <span class='ocrx_word' id='word_1_185' title='bbox 823 2256 1063 2333; x_wconf 86' lang='lat' dir='ltr'><strong>interque</strong></span> <span class='ocrx_word' id='word_1_186' title='bbox 1079 2273 1171 2309; x_wconf 86' lang='lat' dir='ltr'><strong>eos</strong></span> <span class='ocrx_word' id='word_1_187' title='bbox 1191 2253 1363 2312; x_wconf 80' lang='lat' dir='ltr'><strong>Ovie-</strong></span> 
     </span>
     <span class='ocr_line' id='line_1_30' title="bbox 43 2335 1357 2416; baseline -0.005 -22"><span class='ocrx_word' id='word_1_188' title='bbox 43 2340 46 2341; x_wconf 45' lang='lat'><em>⁷</em></span> <span class='ocrx_word' id='word_1_189' title='bbox 69 2337 141 2394; x_wconf 90' lang='lat' dir='ltr'><strong>do</strong></span> <span class='ocrx_word' id='word_1_190' title='bbox 157 2337 249 2396; x_wconf 89' lang='lat' dir='ltr'><strong>est.</strong></span> <span class='ocrx_word' id='word_1_191' title='bbox 296 2341 502 2416; x_wconf 85' lang='lat' dir='ltr'><strong>Martyr</strong></span> <span class='ocrx_word' id='word_1_192' title='bbox 518 2337 583 2395; x_wconf 90' lang='lat' dir='ltr'><strong>de</strong></span> <span class='ocrx_word' id='word_1_193' title='bbox 604 2337 860 2394; x_wconf 83' lang='lat' dir='ltr'><strong>Iucatanis</strong></span> <span class='ocrx_word' id='word_1_194' title='bbox 882 2356 897 2392; x_wconf 91' lang='lat'><strong>.·</strong></span> <span class='ocrx_word' id='word_1_195' title='bbox 932 2344 1104 2391; x_wconf 86' lang='lat' dir='ltr'><strong>Cruces</strong></span> <span class='ocrx_word' id='word_1_196' title='bbox 1119 2335 1357 2395; x_wconf 73' lang='lat' dir='ltr'><strong>viderunt.</strong></span> 
     </span>
     <span class='ocr_line' id='line_1_31' title="bbox 73 2416 1359 2494; baseline -0.003 -19"><span class='ocrx_word' id='word_1_197' title='bbox 73 2422 196 2476; x_wconf 85' lang='lat' dir='ltr'><strong>Vnde</strong></span> <span class='ocrx_word' id='word_1_198' title='bbox 212 2422 259 2477; x_wconf 78' lang='lat' dir='ltr'><strong>id</strong></span> <span class='ocrx_word' id='word_1_199' title='bbox 278 2420 476 2478; x_wconf 75' lang='lat' dir='ltr'><strong>habeant</strong></span> <span class='ocrx_word' id='word_1_200' title='bbox 498 2419 780 2491; x_wconf 73' lang='lat' dir='ltr'><strong>interrogati</strong></span> <span class='ocrx_word' id='word_1_201' title='bbox 807 2433 891 2494; x_wconf 83' lang='lat' dir='ltr'><strong>per</strong></span> <span class='ocrx_word' id='word_1_202' title='bbox 906 2419 1182 2493; x_wconf 75' lang='lat' dir='ltr'><strong>interpretes</strong></span> <span class='ocrx_word' id='word_1_203' title='bbox 1196 2416 1359 2471; x_wconf 83' lang='lat' dir='ltr'><strong>dicunt</strong></span> 
     </span>
     <span class='ocr_line' id='line_1_32' title="bbox 72 2497 1369 2573; baseline -0.005 -13"><span class='ocrx_word' id='word_1_204' title='bbox 72 2522 74 2524; x_wconf 70' lang='grc'><strong><em>’</em></strong></span> <span class='ocrx_word' id='word_1_205' title='bbox 598 2502 649 2559; x_wconf 90' lang='lat' dir='ltr'>C</span> <span class='ocrx_word' id='word_1_206' title='bbox 707 2521 735 2556; x_wconf 85' lang='lat'>2</span> <span class='ocrx_word' id='word_1_207' title='bbox 1188 2497 1369 2573; x_wconf 76' lang='lat' dir='ltr'><strong>aliqui:</strong></span> 
     </span>
    </p>
   </div>
  </div>
 </body>
</html>
