1435 2696
247 45 873 108 Ammcmnvm,
894 40 998 101 Lib.
1023 48 1146 104 ΠΜ
1264 64 1370 125 141

68 146 203 208 ropa
215 120 337 184 satis
354 142 675 206 temperatae,
696 126 750 182 in
772 127 1028 184 America
1044 126 1373 189 intolerabili

11 266 13 273 ,
67 207 268 292 frigore
286 209 445 265 etiam
466 208 643 265 media
676 205 851 264 aestate
887 210 1124 289 rigeant,
1148 212 1290 290 quod
1310 211 1375 269 ad

77 291 318 370 inirae
335 291 514 348 littora
547 296 602 349 &
636 289 858 369 gradum
893 310 968 346 XL
986 311 1035 347 11
1074 288 1377 350 Franciscus

68 376 257 432 Draco
275 373 452 435 mense
470 372 608 428 Iulio
627 408 643 437 ,
666 366 780 448 ipso
797 370 1052 450 flagrante
1072 375 1223 451 Syrio
1240 417 1252 437 ,
1276 395 1376 431 no-

66 455 217 513 tavit.
262 454 622 533 Hispanorum
640 454 693 509 in
711 456 934 511 Novam
953 454 1169 512 Mexico
1186 457 1374 513 itinera

65 535 319 596 testantur
350 557 465 594 eam
488 538 695 615 plagam
714 534 788 591 ob
821 536 1039 592 adurens
1059 544 1112 597 ὃς
1130 555 1371 615 penetra-

64 620 174 678 bile
191 615 547 698 friguS,equos
566 638 670 674 non
688 614 841 675 ferre.
885 622 947 674 In
968 621 1132 676 Nova
1155 620 1367 677 Vizcaia

65 702 190 781 equi
209 721 406 779 magno
435 720 660 756 numero
692 720 754 756 ex
789 694 984 777 pascuis
1003 701 1055 756 in
1077 701 1284 758 medios
1303 703 1366 757 il-

64 782 187 862 lapsi
207 783 357 861 ignes
385 782 750 862 obriguerunt.
798 780 1039 858 Qidam
1074 803 1135 838 ex
1155 783 1254 838 illis
1273 782 1367 839 ad-

64 865 164 922 huc
183 863 318 921 stans
338 880 574 921 mortuus
590 859 709 941 post
725 862 1029 942 quindecim
1066 862 1175 920 dies
1193 884 1367 942 reper-

62 962 144 1004 tus
163 945 252 1003 est.
303 947 475 1024 Igitur
490 944 639 1024 quod
675 946 843 1024 Hugo
881 943 1049 1020 inquit
1079 967 1092 1000 ε
1127 946 1366 1022 Scythiam

61 1031 173 1084 olim
179 1026 325 1102 fuisse
325 1027 423 1102 fine
438 1030 585 1099 equis,
607 1040 767 1080 contra
783 1043 963 1081 omnem
994 1028 1061 1079 es‘z‘
1080 1033 1125 1079 H
1131 1027 1361 1092 istoriam,

63 1112 292 1169 multum
310 1108 338 1165 ἒι
359 1107 533 1167 nostra
549 1104 808 1164 sententia
824 1108 1048 1164 alienum
1070 1107 1364 1188 est.Neque

57 1192 202 1250 enim
225 1191 288 1248 de
309 1191 519 1270 Scythia
537 1185 716 1269 priscis
746 1190 960 1271 cognita
995 1197 1048 1249 &
1069 1188 1327 1268 descripta
1345 1228 1364 1255 ‚

58 1270 148 1332 sed
168 1274 231 1330 de
251 1274 454 1329 extima
473 1274 580 1349 ejus
598 1282 660 1329 ac‘
676 1270 874 1328 boreali
893 1291 982 1326 ora
1002 1270 1361 1336 diciinus‚fine

10 1368 12 1370 ’
62 1357 212 1436 equis
229 1349 392 1411 fuiffe.
413 1359 610 1435 Neque
628 1354 702 1411 ita
718 1355 863 1433 equis
880 1351 980 1410 suis
997 1354 1137 1409 affixi
1156 1358 1250 1429 Scy
1260 1353 1362 1410 thae

63 1456 121 1494 ut
139 1459 247 1494 non
268 1443 320 1495 δε
339 1437 543 1516 pedites
566 1431 770 1494 fuerint.
816 1439 879 1491 In
900 1434 1127 1491 exercitu
1144 1435 1359 1499 Xerxis,

62 1521 264 1582 Parthi,
287 1520 548 1581 Bactriani
565 1556 582 1582 ‚
613 1518 884 1595 Hyrcani,
906 1521 1044 1573 Sacae
1063 1522 1114 1574 δε
1133 1517 1219 1575 alii
1235 1520 1362 1593 Scy-

61 1600 167 1658 thae
187 1603 448 1660 innumeri
480 1600 681 1679 pedites
710 1596 935 1655 fuerunt.
989 1598 1194 1653 Nautas
1226 1618 1362 1674 quo-

58 1703 162 1763 que
179 1681 319 1741 fuiffe
337 1685 516 1740 multis
531 1682 786 1758 exemplis
804 1677 1008 1736 ostendi
1024 1677 1214 1755 potest.
1234 1680 1363 1735 No-

3 1800 5 1802 -
59 1781 175 1820 tum
194 1763 267 1821 est
284 1766 410 1845 quid
444 1763 724 1822 Diodorus
763 1760 828 1818 de
847 1759 1211 1819 Amazonibus
1229 1781 1357 1816 con-

57 1862 140 1903 tra
160 1848 432 1904 Atlantios
458 1845 656 1902 bellum
675 1841 977 1923 gerentibus
997 1837 1204 1897 scribat.
1228 1846 1358 1898 Sco-

57 1928 102 1983 ti
123 1927 383 2005 Scytbicae
400 1926 619 2005 originis
649 1943 703 1982 ut
722 1922 1067 1983 Cambdenus
1085 1922 1347 1988 ostendit,

57 2010 148 2087 qui
180 2009 398 2066 navibus
428 2010 605 2085 primo
634 2008 686 2063 in
719 2004 1034 2063 Hiberniam
1071 2043 1088 2069 ‚
1124 2004 1215 2062 ubi
1243 2005 1353 2079 jam

58 2091 242 2148 Orofii
260 2108 430 2155 aetate,
449 2089 641 2146 deinde
666 2090 717 2145 in
738 2086 1087 2144 Caledoniam
1108 2081 1354 2144 transfre-

57 2185 251 2231 tarunt.
297 2173 486 2229 Heruli
521 2191 654 2250 quos
687 2167 928 2226 Zofimus
964 2168 1171 2245 Scythis
1190 2189 1352 2224 annu-

57 2270 258 2317 meran,
279 2255 493 2311 Thulen
513 2267 832 2329 occuparunt
865 2249 1102 2306 tradente
1117 2247 1350 2307 secundo

56 2334 403 2391 Gotticorum
421 2335 712 2409 Procopio.
751 2328 1034 2389 Rossorum
1055 2333 1348 2410 navigatio-

57 2430 147 2471 nes
164 2416 217 2475 in
236 2421 413 2476 Ponto
429 2415 637 2487 Euxino
655 2415 855 2474 Graecis
873 2408 1164 2481 notiffimae,
1185 2412 1343 2468 nobis

126 2518 131 2521 ·
775 2524 779 2530 «
1181 2511 1340 2552 etiam
