1435 2696
297 51 1125 118 AMEchNAnmeibJ.
1295 77 1359 134 23

89 136 170 191 At
186 132 497 212 cicura,quae
514 152 612 189 nec
629 132 806 190 volatu
824 154 920 191 nec
937 151 1115 192 natatu
1135 138 1362 198 multum

51 216 227 275 valent
246 215 312 272 ab
332 214 451 293 ipfis
469 215 609 271 illata
643 214 950 272 hominibus
966 255 982 281 ‚
1003 218 1068 274 ad
1088 217 1256 274 escam
1278 225 1360 278 vel

48 299 380 376 voluptatem
400 340 417 361 ,
439 296 806 377 consequitur,
842 301 988 377 quod
1020 300 1085 355 de
1122 302 1356 359 Gallinis

52 376 249 438 Acosta
270 380 493 458 probat;
530 400 689 458 quam
720 378 1065 437 domesticam
1082 403 1231 439 avem
1250 386 1357 442 alio

49 459 442 540 proficiscentes
461 463 582 518 Indi
599 462 773 519 secum
790 455 982 519 ferunt.
1026 462 1098 518 Et
1114 465 1352 524 Sinenses

50 564 303 623 magnam
332 542 595 620 ejusmodi
625 545 801 602 avium
832 547 1043 623 copiam
1062 544 1116 600 in
1133 547 1348 604 navibus

43 620 146 682 suis
176 629 310 683 alere
343 645 537 685 notum
572 623 665 683 est.
718 626 889 692 Quod
907 643 1080 682 autem
1099 630 1225 685 nulli
1243 630 1345 684 bo-

21 771 23 786 γ
43 728 154 771 ves,
177 728 345 765 vaccae
363 745 379 773 ‚
402 709 524 788 equi
540 751 552 771 ,
577 708 628 763 in
647 711 755 765 Am
767 708 900 764 etica
923 711 1115 787 reperti
1133 706 1346 788 quibus-

41 789 164 847 dam
182 787 617 869 argumentoiest,
641 790 838 847 nullam
869 789 1017 846 orbis
1035 788 1194 846 nostri
1211 814 1343 872 gen-

16 942 19 955 ,
38 888 149 928 tem
169 915 182 935 ,
216 875 351 950 apud
371 894 499 952 quas
517 893 574 928 ea
592 873 833 928 animalia
851 871 1172 950 praecipuum
1193 874 1340 932 usum

18 967 19 970 ’
40 954 316 1018 habent‚in
333 954 634 1011 American]
647 951 909 1010 destinato
920 952 1192 1010 habitandi
1209 976 1343 1013 con-

38 1034 153 1092 filio
171 1081 183 1098 ‚
206 1035 293 1093 sed
313 1037 393 1094 vel
411 1034 811 1115 tempestatibus
827 1037 910 1094 vel
927 1033 1072 1092 bello
1088 1078 1103 1099 ‚
1136 1037 1219 1093 vel
1238 1039 1342 1094 alio

37 1117 199 1173 nobis
219 1118 499 1196 incognito
517 1117 650 1182 casu,
670 1118 887 1192 6366103,
909 1115 1112 1174 venisse·
1167 1119 1337 1186 Quod

37 1197 74 1255 fi
99 1200 386 1277 aliquando
415 1221 472 1255 ea
490 1199 731 1256 animalia
753 1198 973 1256 navibus
993 1198 1056 1255 ad
1090 1197 1335 1257 sobolem

35 1276 417 1358 imposuerunt,
441 1277 581 1338 fame
603 1325 617 1344 ,
641 1298 696 1337 ut
715 1282 768 1338 in
788 1283 948 1359 longa
967 1281 1299 1358 navigatione
1318 1326 1334 1346 ,

34 1364 307 1421 &inculto
326 1361 439 1419 solo
457 1401 474 1427 ‚
492 1363 556 1419 ad
574 1363 750 1420 cibum
770 1364 832 1421 iis
851 1360 969 1421 usos
986 1401 1002 1428 ‚
1023 1358 1221 1420 necefl'e
1239 1362 1327 1420 est.

29 1445 164 1503 Aliae
180 1461 362 1500 tamen
377 1443 536 1502 causae
556 1441 688 1502 infra
704 1447 1007 1504 reddentur.
1024 1467 1029 1487 ²

108 1527 259 1604 Ipsos
276 1526 420 1605 quod
438 1527 629 1586 attinet
646 1527 894 1585 homines
917 1552 931 1586 .-
962 1547 1141 1586 verum
1162 1524 1235 1582 est
1255 1530 1331 1583 A-

31 1611 239 1665 mericae
272 1607 540 1688 propriam
576 1631 632 1668 ac
665 1609 918 1667 finccram
953 1618 1005 1670 &
1029 1626 1233 1666 tantum
1251 1604 1326 1664 sui

28 1688 250 1747 fimilem
268 1709 483 1770 gentem
517 1713 625 1749 non
646 1689 867 1749 extitiffe
898 1713 914 1746 .-
948 1692 1160 1747 aliarum
1194 1710 1325 1767 gen-

28 1773 162 1828 tium
180 1771 490 1831 adventibus
526 1784 579 1835 &
610 1771 852 1855 hospitiis
868 1774 1158 1852 permixtos
1176 1771 1323 1827 habi-

0 1836 5 1931 1
27 1869 108 1910 tus
126 1874 411 1932 corporum
444 1864 499 1916 δε
532 1857 717 1915 diverfi
755 1878 929 1913 mores
961 1855 1326 1931 &linguarum

0 1935 293 1994 innumera
311 1958 502 2016 genera
518 1937 635 1996 satis
650 1937 945 1996 ostendunt.
985 1935 1202 1993 Plurimi
1232 1936 1334 2015 ig}-

0 2024 2 2080 4
25 2033 125 2083 tur,
149 2018 245 2075 viri
264 2021 454 2098 pariter
467 2042 524 2077 ac
543 2016 778 2079 foeminae
798 2058 814 2085 ‚
831 2022 885 2076 in
902 2019 1214 2076 Americam
1234 2040 1321 2075 ve-

28 2118 234 2158 netunt.
298 2104 444 2159 Nam
478 2104 623 2183 quod
654 2102 1002 2161 Lescatbotus
1035 2099 1283 2155 obtendit
1302 2121 1317 2164 3

29 2189 179 2238 Vnam
185 2180 438 2254 faeminam
444 2184 652 2260 sufficere
682 2185 745 2239 ad
763 2183 988 2240 mundam
1003 2181 1311 2254 implendum,

24 2266 414 2337 quemadmodum
442 2271 652 2323 videmus
681 2266 740 2321 ab
771 2284 866 2321 una
892 2266 1049 2337 prima
1079 2277 1325 2319 'matrem-

23 2359 124 2402 tum
132 2365 279 2420 geum
293 2349 549 2406 humanum
556 2349 739 2424 flzexiffe
755 2391 768 2412 ,
786 2347 839 2406 id
857 2349 908 2406 in
927 2347 1020 2405 hac
1038 2345 1319 2426 quaestione

26 2429 205 2490 locum
223 2451 331 2492 non
349 2430 511 2492 habet
527 2476 542 2502 ,
563 2440 615 2494 &
633 2433 727 2487 alia
746 2431 880 2490 ratio
899 2431 1021 2491 Evae
1036 2427 1150 2489 fuit.
1194 2430 1316 2485 Daz-

135 2508 140 2519 ’
387 2510 410 2514 .‚
618 2515 662 2572 B
703 2533 744 2589 4
1159 2509 1322 2567 tenda
