1435 2696
261 52 1018 125 Amnnroauanvmzib.
1040 65 1084 118 Ι.
1217 114 1238 128 ,
1311 83 1339 141 3

35 138 283 204 mensum
302 139 466 218 frigus
481 148 531 201 δε
554 140 699 219 supra
717 139 976 208 nostrum3
990 143 1137 224 equis
1157 141 1345 225 impri—

30 227 136 284 mis
151 225 340 283 lethale
356 233 406 286 &
425 222 927 288 intolerandum3sed
945 235 995 286 &
1015 227 1155 283 calor
1169 230 1346 284 inten-

31 307 270 378 fior‚non
290 325 467 365 tamen
485 302 739 364 Africano
756 308 1159 384 comparandus·
1216 314 1346 380 Qua

12 390 294 468 ‘Tropicis
312 388 542 464 subjacet
562 388 789 468 undique
808 388 1086 446 montosa:
1119 411 1211 449 nec
1230 392 1348 447 ulli-

12 538 13 543 *
34 471 94 529 bi
113 473 378 550 integrum
414 471 780 527 Horizontem
817 465 1179 549 spectantibus
1195 473 1345 530 exhi-

35 553 188 611 benS.
236 554 445 610 Littora
464 553 572 628 ejus
588 552 806 610 humida
836 562 887 612 &
911 552 1076 611 calida
1095 590 1112 618 ‚
1144 553 1344 610 crebris

10 636 208 693 iarenis
237 643 291 696 &
327 634 606 714 paludibus
622 631 788 694 foeda.
832 634 1086 699 Montes}
1107 651 1162 690 ut
1180 656 1341 713 peco-

10 737 151 788 ssrum
173 737 232 774 ac
250 718 589 775 metallorum
623 714 857 773 foecundi
886 738 900 772 t
938 717 1011 774 ita
1038 710 1345 794 frequenter

10 840 11 854 2
32 798 368 858 habitabiles.
416 797 687 858 Omnium
730 797 1094 875 pulcherrimae
1127 799 1344 857 conval-

10 906 11 910 ’
35 883 112 939 les
129 888 181 942 &
203 876 671 958 temperatiffimae‚
700 877 907 957 Elyfios
925 878 1180 958 quosdam
1200 900 1347 939 cam-

32 983 133 1043 pos
166 961 451 1020 visentibus
482 961 747 1039 ingerunt.
793 960 899 1018 Sub
930 959 1044 1039 ipso
1065 962 1343 1040 AEquatore

32 1040 262 1101 altissimi
283 1059 492 1100 montes
508 1040 772 1101 festinatis¹
790 1042 1001 1101 nivibus
1018 1051 1071 1103 δε
1091 1061 1344 1122 perpetua

34 1126 229 1201 hyeme
250 1123 580 1204 rigente3‚ob
592 1117 757 1203 frigus
773 1120 1030 1181 inacceffi.
1050 1125 1196 1181 Hinc
1214 1145 1343 1181 con-

35 1207 177 1267 tinua
195 1206 319 1263 serie
351 1205 418 1264 ad
453 1204 863 1285 Magellanicum
881 1203 1038 1286 usque
1057 1202 1222 1262 diffufi
1240 1202 1343 1263 fre-

31 1305 180 1346 tum:
215 1308 340 1343 auro
358 1296 408 1348 &
428 1304 653 1367 argento
683 1282 830 1366 supra
852 1285 1015 1346 fidem
1044 1309 1229 1367 graves
1247 1325 1263 1353 ‚
1285 1296 1342 1359 &

29 1369 234 1426 aeternis
254 1367 432 1448 passim
451 1368 740 1450 ignibus'ad
761 1388 1018 1426 terrorem
1038 1371 1341 1449 flagrantes,

32 1453 216 1510 littora
237 1447 620 1531 prosequuntur
640 1450 789 1508 simul
808 1460 860 1512 δε
881 1452 1171 1531 deponunt.
1193 1455 1339 1508 Tam

32 1533 264 1590 mirabili
282 1550 727 1612 temperamento,
751 1550 805 1590 ut
824 1534 1071 1614 quicquid
1092 1530 1243 1613 prisci
1259 1527 1338 1588 sa-

28 1615 233 1692 pientes
248 1615 312 1673 de
330 1616 575 1676 Torridae
593 1616 849 1673 caloribus
864 1617 1210 1680 tradiderunt,
1233 1635 1335 1671 una

28 1696 142 1752 haec
159 1704 212 1756 δε
229 1697 449 1755 barbara
465 1699 727 1777 explodat.
764 1702 826 1755 In
847 1701 1011 1757 Nova
1032 1696 1286 1776 Hispania
1305 1694 1335 1753 Ξ,

34 1777 356 1837 Novembre
374 1779 438 1838 ad
456 1781 700 1859 Aprilem
720 1782 916 1838 coelum
938 1775 1049 1838 ferr}
1068 1778 1325 1846 serenum,

30 1856 228 1936 vesperi
245 1861 476 1919 turbines
496 1862 1186 1941 pulverem,Tenoxtitlanae
1203 1880 1331 1939 pro·

33 1943 327 2018 pemodum
347 1944 618 2009 lethalem,
643 1944 764 2001 alibi
784 1965 889 2001 non
910 1943 1046 2000 adeo
1065 1944 1284 1999 noxium
1304 1979 1323 2008 ‚

30 2019 332 2101 impetuose
350 2026 560 2105 agitant.
609 2032 815 2087 Caetera
846 2027 966 2082 anni
985 2025 1167 2104 pluviae
1185 2021 1322 2082 infe-

6 2126 7 2130 *
31 2100 170 2161 stant
190 2127 203 2160 t
222 2113 274 2165 δι
293 2129 400 2187 quo
416 2109 490 2164 sol
509 2111 729 2189 propior
744 2146 760 2171 ‚
780 2130 844 2165 eo
864 2106 1317 2166 vehementiores:

30 2186 169 2242 unde
186 2190 317 2245 aeris
333 2189 397 2246 ad
414 2189 834 2270 littoragravitas
855 2234 867 2254 ‚
899 2211 992 2246 nec
1013 2190 1211 2247 coelum
1230 2187 1325 2244 ali-

29 2269 150 2325 cubi
167 2270 335 2327 Sardo
350 2271 548 2329 mitius.
594 2275 809 2331 Peruvia
828 2294 926 2352 qua
947 2273 1079 2328 mari
1094 2272 1320 2333 alluitur,

31 2346 283 2409 siticulosa
315 2362 368 2415 &
387 2372 691 2411 terraemotu
722 2356 1026 2411 immaniter
1055 2352 1326 2410 laborans-

29 2435 222 2496 Pluviae
243 2433 280 2493 si
299 2437 489 2496 cadant
506 2471 522 2499 ‚
547 2439 808 2496 miraculis
825 2431 1152 2496 accensetur:
1176 2430 1323 2513 quod

170 2530 177 2535 ’
491 2583 496 2589 ,
551 2521 604 2575 A
650 2538 679 2573 2
1119 2512 1330 2595 deprei-
1358 2553 1367 2566 .
