1435 2696
298 34 1050 103 Amnmcmmvmffiib.
1071 36 1151 96 1ῑὲ
1303 58 1381 121 95

74 121 406 189 tantum‚sed¹
420 129 473 183 δε
492 118 701 180 claffem
721 120 1000 179 Salomoni
1016 120 1392 201 suppeditavit.

77 210 201 270 Nec
219 202 561 283 Eziongeber
577 204 719 279 cujus
734 202 919 265 Moses
949 203 1198 262 meminit
1212 205 1277 264 ad
1296 207 1387 265 lit-

75 306 157 349 tus
177 290 341 346 Maris
360 285 531 347 Rubri
563 306 576 341 :
613 285 703 343 sed
737 285 951 343 interius
981 306 1146 366 prope
1166 288 1345 347 Cades
1363 311 1380 346 ι

76 393 198 431 cum
215 368 462 428 Israelitae
477 363 639 426 semel
655 384 862 425 tantum
882 366 946 425 acl
967 388 1109 426 mare
1129 369 1256 428 illud
1273 368 1386 430 fue-

74 455 180 512 rint
199 475 212 510 :
230 473 400 533 neque
417 450 607 510 eadem
626 470 745 509 cum
765 451 852 508 illa
868 449 1005 508 unde
1023 447 1189 509 claffis
1205 451 1381 513 solvit:

76 537 273 617 quippe
289 536 377 593 illa
409 532 549 592 unde
566 531 730 591 claffis
746 531 901 592 solvit
930 533 985 590 in
1002 532 1240 592 Idumaea
1256 534 1382 592 fita}

76 639 180 698 que
201 638 311 675 non
329 617 549 698 attingit
565 615 810 675 Rubrum
827 613 915 674 sed
936 615 1384 674 mediterraneum

75 699 387 766 Mare‚ficut
402 721 468 757 ex
492 698 794 757 Ptolemaeo
811 714 974 776 patet.
990 698 1062 755 Et
1079 699 1133 755 in
1150 698 1385 757 Idumaea
1407 720 1410 722 ’

73 777 221 841 secus
254 782 702 840 mediterraneum
735 780 884 836 Mare
918 778 1149 838 Gastion
1186 780 1376 839 Gaber

75 866 160 924 vel
177 863 394 924 Gabriae
410 861 485 922 est
503 900 520 929 ,
539 861 676 943 apud
698 860 1016 920 Strabonem
1040 883 1055 928 3
1086 864 1386 921 Ptolemaeo

74 948 217 1006 Beto
235 945 472 1012 Gabriae,
492 944 758 1004 cui-vicina
776 943 939 1001 Eluth
954 945 1247 1023 penultima
1266 944 1392 1002 Idu-

77 1048 223 1087 maeae
240 1029 442 1087 civitas.
486 1026 631 1106 Suph
650 1064 667 1091 ‚
689 1046 903 1106 quoque
920 1064 936 1091 ,
959 1046 1078 1083 cum
1097 1026 1386 1083 terminum

79 1111 322 1192 quemvis
340 1126 528 1174 notet3
562 1128 673 1165 non
692 1109 971 1184 Erythraeo
987 1124 1193 1165 tantum
1215 1110 1382 1173 mari,

74 1211 377 1273 quanquam
416 1190 538 1249 huic
578 1187 902 1271 frequentius
931 1210 947 1255 3
994 1210 1177 1250 verum
1222 1190 1384 1247 etiam

71 1274 305 1337 Mortuo
321 1281 373 1335 ὅ(
394 1272 793 1345 Mediterraneo
809 1269 1071 1330 tribuitur.
1093 1275 1181 1331 De
1201 1269 1379 1329 Tarsis

75 1358 270 1414 mirum
288 1353 362 1413 est
393 1355 529 1414 adeo
546 1355 778 1413 haesitare
814 1355 1004 1411 doetos
1030 1392 1047 1419 ‚
1081 1375 1203 1412 cum
1237 1358 1379 1412 Tar·-

75 1433 230 1496 teffus
266 1436 535 1519 Hispaniae
568 1439 719 1518 regio
752 1436 1095 1495 celeberrima
1113 1444 1164 1496 &
1186 1434 1382 1514 prisco-

74 1541 193 1577 rum
211 1521 429 1581 navibus
449 1522 676 1578 multum
711 1517 1039 1601 frequentata
1069 1517 1143 1573 ob
1160 1518 1267 1574 auri
1285 1536 1380 1573 co·-

75 1603 217 1681 piam
237 1602 318 1660 sit.
361 1603 533 1682 Igitur
564 1622 673 1658 non
692 1603 742 1659 in
772 1622 963 1681 genere
983 1598 1276 1680 quamlibet
1295 1617 1377 1653 re-

74 1685 293 1764 gionem
312 1686 470 1764 longe
501 1679 730 1742 diffitam
749 1728 761 1746 ‚
796 1704 890 1740 nec
926 1681 1208 1762 quodlibet
1236 1699 1378 1736 mare

72 1783 240 1831 notat,
262 1764 350 1824 sed
370 1764 683 1843 Hispaniam
703 1766 972 1828 Ciliciam,
992 1771 1044 1823 δε
1063 1779 1240 1821 totum
1258 1761 1378 1819 Me-

74 1847 433 1905 diterraneum
455 1845 1112 1924 mare.Qemadmodum
1133 1843 1259 1901 illud
1277 1843 1377 1900 ho·-

75 1930 160 1988 die
181 1930 387 1988 Arabes
421 1926 815 1988 Damascenum
848 1928 915 1985 ab
933 1925 1060 1983 urbe
1079 1935 1130 1987 δε
1152 1925 1373 2004 regione

76 2028 282 2069 vocant.
344 2018 501 2071 Ionas
533 2014 667 2069 clare
701 2010 829 2067 dicit
861 2009 1004 2088 quod
1037 2029 1098 2064 ex
1131 2013 1300 2086 Ioppe
1318 2008 1374 2064 in

71 2092 253 2150 Tarsis
273 2095 578 2175 navigatum
596 2091 764 2152 fuerit.
783 2092 950 2170 igitur
971 2089 1149 2147 Tarsis
1168 2091 1230 2146 ad
1250 2089 1373 2146 Me·-

71 2174 427 2234 diterraneum
462 2196 605 2233 mare
640 2181 813 2232 Porro
844 2174 1086 2251 navigare
1117 2173 1170 2228 in
1191 2173 1373 2249 Ophir

72 2264 124 2317 &
142 2257 378 2315 inTarfis
395 2278 555 2315 unum
574 2257 821 2333 idemque
837 2252 1060 2321 est3s1cut
1074 2272 1136 2311 ex
1152 2255 1370 2334 ILReg.

74 2359 210 2396 xxti
236 2341 432 2399 collato
449 2359 569 2396 cum
588 2342 660 2394 11.
683 2337 889 2394 Chron.
907 2357 998 2393 xx.
1028 2352 1189 2416 patet.
1236 2337 1375 2393 Haec

75 2419 231 2500 inqui
247 2439 556 2501 argumenta
571 2415 766 2478 faciunt
780 2462 793 2485 ,
805 2438 861 2478 ut
878 2419 1370 2506 Salomoni52Hira:

1289 2515 1367 2552 mx
