1435 2696
94 121 102 127 ,
265 56 1088 123 AmanicANARvM,Lib.1.
1278 83 1351 141 ¹9

30 139 197 202 §Nam
227 136 322 218 ipsi
352 152 661 217 argumenta
692 141 947 202 Grotii&
965 143 1103 201 Latii
1122 163 1345 224 perpen-

42 222 168 282 dere
196 221 405 278 animus
437 234 566 277 erat.
605 220 809 279 Extant
840 238 1020 281 tamen
1036 227 1238 307 aliquot
1259 249 1348 305 pa-

43 304 195 385 gellae
227 322 448 382 quarum
480 300 618 359 haud
650 304 903 381 poenitet.
943 311 1212 366 Sententia
1243 310 1351 384 ejus

43 384 121 443 est
154 407 169 441 t
207 386 559 444 Americanos
576 405 767 442 omnes
801 382 831 440 Ξι
849 386 1192 447 Phoenicibus
1210 428 1227 457 ‚
1248 389 1350 449 sive

40 464 203 546 Tyrii
220 468 296 524 illi
327 465 430 526 five
448 466 913 547 CarthaginenseS,
933 486 1105 535 ortos,
1121 480 1174 531 &
1191 492 1348 528 unam

41 550 178 609 hanc
195 566 410 628 gentem
429 546 632 609 vastum
648 551 800 607 illum
817 549 1009 607 orbem
1029 559 1083 611 &
1102 551 1349 611 habitasse

40 640 97 696 δι
116 628 388 690 detexisse.
418 636 500 690 Ita
516 651 574 690 ut
591 654 654 689 ex
675 634 787 690 aliis
804 634 1100 693 Provinciis
1116 635 1243 691 nulli
1258 655 1350 691 an-

22 702 94 772 ¹te
131 708 407 791 Hispanos
443 732 630 792 praeter
677 715 962 773 Phoenices
991 715 1060 772 eo
1092 716 1352 774 venerint.

21 825 23 854 ι
45 796 220 867 Quod
236 792 419 853 falsum
437 795 534 853 effe
552 794 885 874 apertissimis
909 795 1203 855 rationibus
1219 817 1353 854 con·-

39 874 158 935 stat.
204 880 353 936 Nam
389 899 485 936 nec
517 876 614 935 soli
633 879 916 935 Phoenices
933 900 1002 935 eo
1019 886 1351 939 venerunt&

34 961 267 1018 coloniae
301 960 790 1039 plurium‘gentium
811 958 1020 1019 diverso
1037 977 1279 1039 tempore
1297 961 1351 1017 in

0 1073 1 1079 =
40 1043 155 1100 illas
173 1058 337 1098 terras
355 1042 596 1099 deductae
615 1041 747 1099 sunt.
804 1041 978 1118 Qod
1009 1062 1135 1100 vero
1168 1041 1349 1100 Rode-

38 1124 178 1181 ricus
196 1122 224 1180 a
244 1122 439 1182 Castro
456 1125 511 1180 in
528 1124 752 1181 Medico
780 1124 1014 1182 Politico
1032 1160 1050 1187 ‚
1080 1120 1349 1181 defeolmm

20 1206 308 1264 *literarum
331 1225 427 1281 pro
443 1224 762 1285 argumento
796 1203 1236 1284 Carthaginenfis
1257 1206 1348 1264 O-

35 1286 223 1366 riginis
255 1285 450 1352 habet,
471 1287 751 1345 leviculum
788 1297 842 1348 &
877 1282 1150 1344 manifest&
1165 1284 1348 1344 falsum

31 1368 133 1426 est.
176 1368 325 1426 Nam
347 1368 860 1450 Carthaginensibus
889 1363 1000 1427 suas
1014 1365 1158 1427 fuiffe
1174 1369 1350 1426 literas

36 1450 156 1531 quis
172 1450 381 1508 dubitat
398 1453 480 1509 vel
497 1452 710 1532 ignorat
729 1457 750 1508 ?

115 1535 221 1591 Hae
237 1572 254 1598 ,
273 1540 326 1594 ὃς
363 1536 532 1612 plures
564 1535 733 1593 adhuc
752 1572 770 1599 ‚
790 1532 1140 1613 discrepantes
1158 1529 1342 1588 autho—

18 1634 152 1672 rum
173 1616 238 1673 de
274 1616 594 1696 Originibus
615 1618 1056 1676 Americanorum
1077 1614 1343 1671 sententiat

29 1688 151 1756 sunt
166 1743 179 1763 ,
200 1719 263 1755 ex
284 1699 471 1779 quibus
483 1700 768 1780 :colligitur
797 1715 1001 1779 quantae
1020 1695 1342 1753 difficultatis

33 1778 97 1838 fit
116 1780 182 1839 de
205 1780 301 1838 hac
333 1780 619 1861 quaestione
641 1781 767 1840 certi
800 1779 995 1860 aliquid
1014 1777 1233 1835 statuere
1255 1776 1340 1833 vel

33 1865 399 1941 pronunciare.
451 1864 623 1941 Qod
658 1885 776 1922 curn
811 1883 917 1919 non
950 1863 1219 1941 ignoraret
1233 1864 1335 1916 Pe-

18 1961 140 2010 ¹trus
173 1948 388 2002 Cotton
420 1942 611 2004 Iesuita
633 1985 649 2012 ,
683 1949 751 2003 A.
793 1950 907 2002 clx)
930 1949 1054 2001 Iac
1082 1960 1160 1998 iv.
1194 1942 1333 1997 inter
1388 2013 1392 2016 Π

17 2028 126 2084 [αὶία
143 2029 305 2086 etiam
324 2031 458 2086 banc
477 2028 717 2086 Diabolo
733 2029 785 2085 in
802 2021 1000 2084 obseffa
1016 2024 1184 2102 puella
1203 2044 1330 2103 que·

17 2106 259 2178 ³stionem
293 2109 584 2191 proposuit.
644 2109 889 2181 Qonmdo
919 2104 1071 2182 insulae
1098 2107 1333 2161 animalia

29 2194 291 2265 acceperint
311 2233 328 2258 ,
361 2194 420 2252 (θ’
439 2212 490 2248 eo
512 2194 716 2248 homines
727 2194 824 2264 pos‘}
847 2191 1084 2245 Adamum
1099 2203 1326 2258 pewcne-

31 2273 167 2329 rint?
208 2277 521 2357 Intelligens
556 2275 803 2332 nimirum
827 2289 1054 2331 remotas
1069 2271 1182 2327 illas
1198 2271 1326 2330 novi

29 2356 176 2413 ‘orbis
191 2357 396 2416 insulaS.
428 2360 499 2415 Et
512 2351 694 2413 frustra
710 2357 933 2434 impium
951 2349 1150 2411 facinus
1165 2374 1329 2431 nega-

35 2456 89 2495 re
106 2438 261 2498 audet
276 2438 330 2498 in
348 2435 594 2501 Mantiffa
622 2434 708 2495 sua
740 2439 981 2498 Forerius
999 2475 1016 2506 ‚
1037 2455 1158 2496 cum
1177 2434 1329 2511 ipsius

595 2529 641 2585 Β
692 2540 719 2577 2.
1130 2519 1333 2575 Cotto-
