1435 2696
236 37 1090 104 AMERICANARvm‚Lib.IV.
1251 48 1352 118 263

46 119 132 178 lan
151 119 251 179 sive
269 121 393 178 urbs
412 122 625 179 Mexico
642 141 808 177 annos
832 140 955 177 ch
979 119 1140 178 stetit:
1163 117 1353 180 strucsta

50 201 126 260 est
160 209 228 260 A.
251 203 361 261 clu
386 210 503 260 elz>
530 224 613 262 oc
631 222 667 259 c
699 223 899 259 Lxxxi.
943 206 1171 281 Aliquot
1203 208 1354 262 annis

49 302 170 341 ante
193 286 458 357 Mexlicani
475 286 529 341 in
547 284 810 363 Tisaapan
832 287 1023 341 morati
1054 295 1104 346 ἃ
1126 289 1262 344 circa
1279 290 1352 343 la-

45 387 166 423 cum
187 405 202 433 ‚
222 368 272 423 in
293 369 447 423 certis
462 361 668 423 sedibus
686 404 702 431 ,
722 368 894 445 vagati
923 364 1056 423 sunt.
1112 370 1193 424 Ex
1217 371 1348 426 Cul-

50 448 252 505 huaean
285 444 438 527 usque
460 449 522 505 ad
541 450 707 505 lacum
732 486 747 512 ‚
781 452 930 504 lento
950 452 1234 506 multorum
1256 471 1349 506 an-

42 550 235 587 norum
270 531 455 586 itinere
470 567 486 593 ,
513 532 807 609 progreflos
842 531 1065 587 constat.
1109 534 1208 589 Sed
1249 553 1347 589 nec

11 672 15 676 ,
46 632 209 668 annus
228 634 335 692 quo
352 615 414 668 ad
433 613 603 668 lacum
627 614 862 669 venerint
882 651 897 676 ,
934 634 1028 669 nec
1046 631 1179 690 quot
1195 616 1246 672 in
1266 617 1347 672 via

43 694 427 751 consumserint
445 732 461 757 ,
499 696 679 751 exaRc
711 693 914 750 ostendi
949 693 1137 772 potest.
1202 699 1345 767 Qiae

45 776 246 831 indicio
262 776 375 832 sunt
395 776 699 832 Mexicanas
721 777 772 832 in
799 778 1045 833 America
1066 778 1349 857 antiquita-

42 873 122 912 tes
140 877 248 913 non
269 857 566 936 pertingere
599 854 754 936 usque
773 857 836 913 ad
858 861 926 935 A?
948 858 1052 915 Ch.
1082 865 1200 915 clo
1231 880 1267 915 c
1285 878 1348 914 c·

41 937 279 1018 adeoque
299 960 390 995 eos
409 960 471 994 ex
489 939 624 995 Sinis
657 960 775 995 cum
813 936 1021 997 Facfure
1041 978 1056 1004 ,
1090 958 1346 1019 quantum

43 1021 109 1077 ad
133 1037 340 1099 tempus
359 1021 560 1083 attinet,
586 1020 762 1077 venire
783 1023 918 1077 circa
943 1028 1011 1077 A.
1030 1022 1158 1078 chr.
1185 1028 1271 1079 clo
1288 1041 1349 1079 cc

47 1122 158 1158 Lxx
177 1098 421 1180 potuiffe.
469 1104 615 1159 Nam
636 1102 913 1181 probabile
931 1104 1232 1183 neutiquam
1253 1102 1349 1167 est,

37 1201 259 1263 gentem
291 1183 457 1241 literis
497 1183 652 1241 bonis
674 1182 977 1242 instra-{tam
1000 1222 1015 1248 ‚
1051 1184 1085 1241 fi
1106 1203 1225 1242 ante
1246 1184 1350 1242 hoc

36 1283 249 1344 tempus
268 1265 318 1321 in
338 1266 587 1322 America
602 1263 825 1330 fuissent,
849 1268 980 1323 nibil
1001 1269 1150 1344 plane
1169 1288 1344 1325 rerum

35 1345 239 1404 suarum
258 1346 322 1402 ad
344 1346 580 1425 posteros
599 1346 1006 1405 transmiffuram
1023 1345 1185 1405 fuisse.
1238 1350 1344 1405 His

32 1429 104 1485 ita
124 1428 413 1507 praemifl‘i33
433 1433 783 1487 recentiorem
809 1432 1211 1487 Mexicanorum
1231 1431 1338 1486 ori-

25 1511 206 1589 ginem
227 1509 324 1568 effe
345 1532 500 1591 quam
521 1512 681 1591 vulgo
697 1511 938 1577 traditur,
957 1511 1089 1568 haud
1108 1512 1336 1570 omnino

32 1593 179 1650 vanis
196 1594 520 1671 argumentis
539 1613 636 1648 nos
655 1589 1050 1671 deprehendiss'e
1069 1591 1340 1650 existima-

32 1694 186 1730 mus:
211 1677 459 1730 nimirum
481 1696 543 1730 ex
573 1676 707 1731 Sinis
726 1676 857 1731 circa
892 1678 957 1731 A.
985 1676 1051 1731 C.
1078 1679 1164 1731 cb
1184 1696 1240 1732 cc
1262 1695 1339 1732 Lx

37 1752 66 1811 ὲ
85 1755 298 1811 Tataris
317 1754 491 1832 pulsos
515 1793 531 1819 ‚
569 1756 789 1811 navibus
822 1757 873 1811 in
893 1757 1197 1813 American]
1217 1778 1338 1813 cum

32 1833 242 1893 Facfure
274 1835 466 1895 venisse
491 1860 507 1902 ·,
530 1838 707 1914 ibique
742 1838 1004 1916 indigenis
1036 1840 1332 1916 permixtos

27 1917 372 1997 procedendo
389 1917 560 1975 versus
579 1918 800 1975 austrum
822 1921 882 1974 ad
903 1921 1073 1976 lacum
1090 1921 1230 1976 inter
1247 1919 1333 1977 sex

20 2001 375 2069 Navatlacum
395 2002 635 2057 nationes
652 1997 952 2058 consediss'e.
1001 2003 1063 2057 Id
1081 2023 1144 2074 ex
1165 2003 1328 2059 tradi-

22 2081 257 2138 tionibus
276 2082 452 2160 ipsorfi
473 2080 741 2140 manifeste
759 2084 1042 2162 colligitur.
1080 2084 1228 2142 Nam
1259 2085 1326 2141 de

23 2163 124 2221 suae
145 2165 319 2243 gentis
337 2165 507 2243 prima
524 2165 725 2243 origine
745 2165 1111 2225 &inAmericit
1130 2166 1329 2225 adven-

25 2261 101 2309 tu,
122 2246 192 2301 ita
212 2245 569 2303 Motesumam
593 2248 831 2303 locutum
864 2247 1194 2304 invenimus:
1231 2249 1328 2303 Ad-

22 2324 221 2400 venasse
240 2327 341 2403 effe,
362 2327 421 2386 ἐφ
439 2328 600 2401 magni
617 2330 843 2400 Principis
859 2329 985 2403 classe
997 2333 1094 2400 post
1113 2332 1323 2385 omnium

20 2409 281 2468 viventium
304 2414 589 2467 ›memori-am
619 2409 706 2464 huc
720 2411 950 2475 advectos,
969 2411 1191 2487 indigen&
1205 2429 1317 2466 con-

646 2494 699 2549 R
746 2514 788 2569 4
1166 2492 1303 2548 nubio
