1435 2696
58 36 175 112 1534
360 32 1150 94 DEORIGIN.GENTIVM

62 114 388 196 Nicephoro
421 133 594 197 patet,
629 117 719 197 qui
748 110 911 176 refert
943 124 1110 172 Turun
1142 112 1378 187 quendam

59 200 279 260 rebellem
300 195 660 277 Caganofuiffe.
701 200 849 257 Hinc
868 199 1024 263 Turi,
1042 198 1381 260 Tauri,Tur-

68 280 716 348 cae‚Taurisci‚Derbices.
742 288 916 341 Porro
937 281 1225 339 Turcicam
1244 299 1380 360 gen-

73 384 186 423 tem
206 363 471 423 Derbices
485 357 631 421 fuiffe
650 386 715 422 ex
737 363 917 423 Cresia
934 380 1100 443 patet,
1120 364 1211 443 qui
1228 355 1388 420 refert

80 448 422 526 Cyritempore
452 447 709 503 Derbicum
741 456 917 521 Regem
948 456 1204 502 amomum
1227 442 1384 518 fuiffe.

81 529 192 590 Vbi
214 538 302 584 Am
334 550 442 586 non
460 527 533 586 est
551 531 647 586 alia
670 551 775 588 vox
796 550 954 610 quam
975 530 1131 583 cham
1147 529 1232 585 vel
1249 534 1383 590 Kan,

81 621 137 675 δε
156 620 385 667 Amorem
404 612 566 670 Chan
586 613 759 669 Mora.
798 612 952 670 Idem
973 611 1038 669 de
1055 611 1195 670 Sacis
1213 631 1277 666 ex
1297 629 1392 667 eo-

79 695 206 752 dem
228 694 405 753 Ctesia
425 696 948 774 patet‚quoru1nRex
967 702 1206 767 Amorges.
1223 690 1396 760 Quod

82 798 285 837 nomen
315 778 479 833 etiam
514 775 779 835 Persicum
812 776 941 835 sicut
971 799 1035 833 ex
1066 774 1391 851 Thucydide
1429 824 1433 828 .

82 876 233 939 patet
250 899 265 926 ‚
288 859 377 938 qui
393 864 679 938 Amorgen
699 857 983 918 Pifl'uthnis
1003 853 1168 916 Persae
1216 855 1389 913 filium

79 941 263 1006 scribit
291 938 451 999 fuisse.
516 947 697 1021 Atque
718 942 855 1000 haud
888 939 1080 998 dubito
1110 940 1237 1021 quin
1275 942 1390 998 Or-

78 1024 405 1082 chamusille
435 1019 692 1102 septimus
727 1021 755 1082 ἒι
790 1025 926 1082 Belo
964 1021 1231 1082 Persarum
1265 1023 1387 1082 Rex

78 1108 224 1183 cujus
259 1105 427 1164 Ovid.
451 1107 696 1164 meminit
717 1145 734 1172 ,
755 1105 815 1163 lit
834 1105 1047 1165 Vrchan
1065 1142 1083 1171 ,
1118 1102 1267 1185 quod
1298 1103 1389 1161 diu

74 1186 196 1267 post
213 1208 413 1245 nomen
429 1188 644 1247 secundi
661 1192 961 1248 Turcarum
981 1192 1122 1267 Imp.
1137 1183 1252 1245 fuit.
1274 1187 1387 1266 lgi-

79 1288 168 1334 tur
187 1290 307 1335 cum
326 1273 520 1328 Turcae
537 1269 684 1348 supra
716 1290 858 1327 mare
881 1269 1138 1350 Caspium
1155 1266 1347 1327 fuerint
1366 1305 1385 1333 ,

83 1360 140 1414 ὅ(
159 1348 266 1431 ipsa
283 1372 412 1434 gens
431 1352 699 1432 imprimis
726 1373 888 1431 vaga,
910 1355 963 1409 in
995 1353 1261 1409 extimum
1294 1370 1388 1407 an-

80 1436 268 1516 gulum
287 1433 424 1492 Afiae
443 1455 562 1492 cum
580 1434 792 1492 Tataris
813 1471 830 1498 ,
867 1432 991 1491 hinc
1008 1435 1064 1492 in
1079 1431 1388 1512 oppositum

81 1517 454 1575 continentem
491 1517 755 1575 Americae
789 1515 996 1574 delatos
1026 1515 1161 1573 nihil
1190 1512 1384 1572 obstat.

83 1601 235 1659 Nam
267 1600 319 1656 in
354 1599 577 1657 Canada
606 1598 725 1656 sunt
767 1599 987 1671 Souriqm‘
1016 1607 1071 1659 ὅ(
1111 1598 1278 1672 Yroqui
1308 1633 1325 1660 ,
1359 1593 1388 1651 a

80 1682 279 1740 Turcis
299 1679 650 1760 proculdubio
668 1718 684 1745 ‚
716 1698 775 1738 ut
788 1701 851 1738 ex
868 1701 998 1738 voce
1016 1696 1177 1760 patet.
1230 1682 1391 1750 Quos

81 1763 404 1822 Herodotus
433 1770 587 1841 Jyrcas
621 1780 776 1822 vocat
805 1762 1025 1842 antiquo
1042 1762 1296 1834 nomine3
1334 1767 1388 1820 &

84 1846 154 1903 sic
173 1845 309 1925 apud
342 1848 662 1903 Strabonem
683 1865 893 1925 quoque
928 1844 1070 1902 libro
1102 1844 1390 1902 undecimo

83 1927 373 2008 legendum
417 1965 435 1992 ‚
495 1927 588 1985 ubi
632 1928 792 2008 vulgo
850 1928 1008 2003 Cyrcii
1038 1933 1231 2002 Tapyris
1265 1924 1386 1981 vici-.-

81 2011 148 2065 ni.
199 2007 443 2088 Ipsorum
475 2012 601 2066 urbs
632 2010 889 2066 Hiarcam
928 2008 1027 2068 five
1058 2008 1382 2071 Yarchaun‚

83 2089 246 2150 hodie
270 2090 587 2170 Metropolis
604 2091 753 2170 regni
775 2085 986 2155 Cascar,
1011 2088 1140 2148 teste
1158 2089 1388 2147 Benedi-

85 2174 179 2229 eto
195 2173 365 2229 Goes.
411 2173 571 2233 Vnde
604 2173 845 2250 Hyrcani
876 2193 1088 2252 quoque
1119 2171 1385 2251 originem

81 2248 311 2311 habuisse
330 2253 591 2312 videntur.
625 2258 725 2312 Sua
743 2274 873 2313 voce
897 2253 1119 2342 Tzuruki
1134 2270 1388 2312 vocantur

78 2334 215 2414 apud
237 2336 615 2393 Leunclavium
636 2373 654 2401 ,
689 2335 832 2416 quod
851 2355 971 2393 cum
990 2335 1261 2416 Souriquis
1277 2336 1388 2412 pla-

74 2437 139 2484 ne
157 2415 424 2479 convenit.
465 2422 526 2475 In
544 2419 821 2481 Provincia
839 2416 997 2478 Pasto
1020 2426 1173 2476 Τηνία
1193 2424 1247 2477 &
1273 2424 1372 2469 Tu-

1202 2513 1387 2560 curross
