1435 2696
216 54 1074 124 Amnntcawattvmffiibdr.
1234 79 1341 140 203

12 146 169 206 &ex
204 137 426 200 adverso
460 140 737 220 AEthiopiae
772 141 913 198 locat
930 139 1024 198 ubi
1043 139 1204 200 hodie
1223 144 1346 203 Ma-

23 221 272 305 'dagascar
287 221 380 281 est.
425 224 645 284 Refiiu's
678 220 806 280 alibi
835 244 899 279 ex
923 224 1157 303 Polybio
1175 225 1228 281 in
1248 248 1343 284 ex-

9 307 199 367 *trema
231 307 547 365 Mauritania
564 322 749 364 contra
770 321 1014 362 montem
1035 308 1335 367 Atlantem.

20 467 24 470 ἡ
74 389 564 460 Quemadmodum
583 390 742 469 igitur
759 385 786 444 ὲ
805 390 1087 446 Cananaeis
1107 389 1247 446 dista
1266 389 1339 449 est

23 471 342 537 Canaria,fic
361 472 428 531 ab
452 473 714 531 Amoraeis
735 471 1001 529 Gomera;
1025 472 1195 541 Quod
1215 473 1334 529 lon-

23 576 90 636 ge
109 553 456 634 probabilius,
476 575 635 635 quam
669 553 705 610 si
738 554 842 611 hoc
871 574 1069 610 nomen
1104 573 1223 610 cum
1244 557 1331 613 Fr.

25 638 243 698 Bivario
273 645 325 698 δε
348 631 678 697 Nebriffenfi
709 634 935 693 deducas
970 634 998 692 ὲ
1018 637 1232 693 Gomer
1246 642 1330 693 la-

26 718 171 800 pheti
200 717 334 777 filio.
408 723 557 780 Nam
591 715 876 777 consedisse
923 719 973 774 in
1010 718 1328 776 Mauritania

25 807 312 862 Amoraeos
332 802 565 860 diotum:
609 800 746 856 unde
766 800 818 856 in
839 799 928 855 has
949 800 1136 859 insulas
1156 798 1330 858 brevis

21 885 280 960 trajeftus.
319 887 464 944 Sicut
483 901 538 941 ut
555 885 815 941 Gom'erae
834 881 1025 940 Teldae
1044 889 1097 941 &
1119 884 1333 957 Ayatir-
1393 926 1398 931 .

24 985 125 1024 mae
140 967 361 1024 nomina
394 990 458 1024 ex
478 964 794 1024 Mauritania
813 962 975 1042 petita
993 959 1092 1020 effe
1110 965 1323 1020 Goma-

21 1068 78 1106 ra
93 1047 353 1109 observat.
396 1048 470 1106 Et
486 1048 550 1106 de
568 1048 813 1128 Ayatirma
829 1041 1078 1103 altiffimo
1095 1046 1325 1102 Teneri-

18 1125 288 1190 fae’monte
307 1132 544 1209 locuples
576 1131 720 1187 testis
738 1125 931 1187 Strabo
947 1124 1019 1184 est
1034 1164 1051 1191 ‚
1071 1127 1161 1206 qui
1180 1127 1327 1185 deci-

20 1233 116 1271 mo
132 1209 518 1292 septimolibro
547 1212 708 1269 tradit
739 1249 756 1275 ,
803 1210 973 1286 Dyrim
1004 1209 1063 1263 ab
1095 1210 1323 1283 indigenis

18 1299 308 1351 Mauritania
323 1292 552 1367 appellari
566 1312 674 1350 eum
695 1305 900 1348 montem
917 1290 996 1363 qui
1018 1298 1059 1345 G
1066 1293 1322 1346 r'aecisAtlm

9 1377 208 1437 dicitur.
253 1377 413 1436 Vnde
447 1380 658 1456 D'yrma
691 1385 743 1436 &
762 1375 946 1435 vocula
963 1371 1162 1448 adjeeta
1181 1380 1324 1452 Aya-

18 1459 200 1518 tirma.
238 1464 319 1519 Vt
335 1460 466 1517 nihil
497 1459 685 1517 certius
703 1456 765 1515 fit
794 1476 951 1537 quam
981 1456 1238 1512 Canarios
1255 1476 1318 1512 ex

23 1538 203 1601 Africa
234 1536 525 1620 profefitos.
567 1543 718 1600 Nam
750 1541 928 1618 lingua
960 1538 1279 1594 Guanchum
1302 1574 1320 1601 ,

15 1626 109 1705 qui
126 1624 389 1705 hodieque
421 1619 670 1703 Hispanis
703 1619 952 1702 permixti
980 1614 1318 1692 supersuntin

3 1707 219 1788 *oppido
237 1703 865 1770 Candelaria,admodum
884 1697 1051 1760 affinis
1070 1698 1143 1758 est
1162 1701 1224 1757 M
1228 1722 1319 1758 au-

18 1807 199 1846 rorum
229 1790 285 1845 in
317 1788 579 1847 Barbaria.
626 1793 707 1845 Ita
740 1782 993 1842 testantur
1022 1782 1205 1861 quires
1224 1787 1316 1839 Io-

18 1869 205 1930 hannis
260 1869 660 1928 Bethencourtii
702 1865 861 1948 primi
905 1865 1311 1922 Fortunatarum

18 1947 525 2035 Regisscripserunt.
573 1949 856 2026 Supersunt
887 1942 1126 2030 cluaedam
1160 1968 1314 2004 voca-

19 2032 139 2095 bula
167 2033 233 2116 ex
253 2034 441 2114 quibus
471 2033 687 2109 judicari
704 2028 892 2110 potest.
941 2032 1122 2086 Deum
1153 2049 1333 2106 voca-v

20 2113 150 2174 bant
179 2115 523 2171 Achuharaban
539 2114 915 2173 termaximum
933 2155 947 2175 ,
970 2110 1315 2167 Achuhucanan

18 2197 324 2258 altissimum
350 2237 367 2265 ‚
416 2200 825 2274 Achguayaxerax
881 2188 1308 2252 conservatorem

14 2282 255 2350 omnium
274 2301 463 2338 rerum.
489 2279 692 2356 Ecbeyde
706 2270 958 2334 infernus.
977 2284 1201 2331 Tomarco
1221 2297 1309 2335 ve-

25 2358 107 2419 stis
123 2385 187 2421 ex
219 2364 354 2442 pelle
387 2365 594 2441 agnina.
653 2366 836 2413 Mozan
864 2355 1114 2416 frumenti
1145 2373 1310 2438 genus

23 2463 131 2525 quo
147 2467 244 2528 pro
261 2465 391 2526 pane
410 2445 702 2503 utebantur·
753 2449 872 2519 Yoya
889 2440 1082 2500 succus,
1104 2444 1310 2496 chacer-

657 2526 712 2582 G
757 2544 798 2600 4
1174 2538 1313 2595 quem
