1435 2696
237 44 1094 110 AMEMCANARVM,Lib.IH.
1257 63 1362 102 201

4 145 308 215 [gt-putantur
325 127 755 209 anthropophagi
773 126 892 188 esse.
935 130 1162 210 Degunt
1181 148 1372 209 grega-

2 220 48 302 ι’*
65 215 188 276 tini,
207 207 415 292 frugum
435 208 680 292 panisque
702 227 962 290 expertes,
1004 215 1147 269 Ferae
1168 212 1242 268 ibi
1259 206 1366 266 ire-

65 314 306 375 quentes‚
327 317 412 352 eas
429 311 700 353 venantur:
729 291 848 352 hinc
869 294 1032 350 vizfitus
1049 302 1101 353 &
1123 293 1378 349 amiotus.

5 371 40 455 'f
65 378 239 436 Pelles
255 374 412 456 spinis
433 377 646 454 piscium
665 375 919 433 consuunt
938 384 985 436 δε
1009 376 1180 433 nervis
1198 395 1214 439 3
1236 374 1370 451 pilos

7 461 25 505 s
66 458 240 517 aestate
276 454 593 522 extrorsum,
616 459 793 514 hieme
826 457 1109 515 introrsum
1140 470 1363 515 vertunt.

6 572 10 606 ι
68 540 380 600 Idoloiatrae
397 579 412 605 ‚
436 541 714 618 Sortilegi,
752 541 1124 606 incantatores.
1173 540 1370 593 Hono-

16 644 18 646 ’
69 643 184 681 rem
204 624 314 678 aliis
345 622 633 679 exhibituri
661 623 828 699 capite
862 621 1060 678 nudato
1081 622 1136 676 in
1177 637 1369 675 terram

69 703 447 784 procumbunt.
495 702 715 759 Habent
736 704 1036 780 Principem
1067 703 1155 780 qui
1175 700 1373 756 {icaete-

12 799 13 802 ’
71 788 142 844 ris
159 789 300 843 cultu
334 787 463 842 nihil
486 782 691 848 differt,
731 784 820 841 nisi
856 785 1000 862 quod
1021 785 1071 839 in
1091 783 1273 862 capitis
1293 798 1372 836 te-

73 887 336 948 gumento
354 865 552 924 stellam
587 867 722 945 gerit
753 888 765 921 t
803 868 964 921 etiam
998 863 1025 921 Ξῑ
1063 864 1369 921 Senioribus

67 950 617 1028 reguntur.Equorum
635 945 790 1004 instar
816 943 1112 1025 Rangiferis
1130 961 1364 1000 utuntur.

12 1063 14 1066 ·
77 1034 302 1110 Linguis
323 1033 475 1087 variis
493 1033 629 1087 inter
660 1029 709 1085 se
740 1025 1001 1086 differunt.
1046 1024 1374 1105 Molgzomii

73 1112 254 1191 specus
289 1120 342 1172 δε
377 1130 521 1169 antra
555 1111 818 1168 habitant.
879 1109 1037 1187 Apud
1088 1107 1374 1167 Ostachios

16 1192 19 1249 ἶ
78 1195 232 1251 inulti
251 1195 444 1274 Reguli
461 1194 656 1251 Indicis
678 1191 917 1272 Casiquis
933 1190 1145 1247 similes.
1164 1193 1214 1245 A
1233 1190 1372 1245 Tin-

74 1275 254 1355 goesiis
272 1275 337 1332 ad
367 1274 590 1333 austrum
625 1277 773 1334 variae
805 1291 990 1354 gentes
1009 1272 1272 1350 perpetuis
1288 1272 1370 1326 in·-

16 1416 18 1423 ,
71 1374 151 1414 ter
167 1353 217 1414 se
236 1355 388 1414 bellis
406 1361 1029 1435 exercenturcLappones
1048 1352 1233 1409 statura
1253 1352 1373 1407 bre-

16 1441 18 1452 '
77 1440 177 1504 vi„
198 1435 534 1517 pernicissimi
565 1437 736 1496 cursus
761 1482 774 1503 ‚
807 1447 859 1496 δι
895 1439 1031 1492 inter
1060 1434 1370 1494 currendum

17 1564 19 1574 .
78 1521 253 1578 manci
269 1542 325 1578 ac
344 1522 511 1578 claudi
533 1519 990 1576 videntur-Striota
1011 1514 1262 1571 omnibus
1280 1535 1368 1572 ve-

10 1616 20 1651 ·÷
74 1600 161 1659 stis
179 1611 231 1664 δι
249 1599 445 1659 suffulta
464 1601 931 1681 pellibus-ffitatem
946 1598 1187 1655 venando
1203 1613 1371 1652 trans-

18 1694 20 1700 '
72 1685 241 1763 igunt.
285 1690 408 1740 Pars
425 1681 641 1740 artificia
662 1698 905 1739 exercent
924 1718 940 1744 ‚
974 1680 1194 1758 pingunt
1211 1686 1262 1737 &
1283 1698 1370 1734 ve·

18 1777 22 1791 ⁴
73 1764 175 1822 stes
193 1785 318 1821 auro
336 1787 392 1820 ac
410 1779 628 1841 argento
643 1783 802 1841 opere
839 1762 1189 1840 phrygionico
1205 1761 1370 1816 inter-

11 1870 22 1918 ¹1
71 1862 270 1903 texunt·
325 1847 586 1923 Conjugia
606 1866 697 1923 per
713 1846 893 1925 ignem
913 1852 963 1903 δε
987 1840 1182 1899 silicem
1201 1835 1369 1918 auspi-

20 1959 23 1973 ι
71 1946 271 1986 cantur.
316 1929 549 2005 Navigia
565 1926 734 1983 nervis
766 1925 1067 1981 animalium
1087 1932 1138 1983 &
1159 1923 1370 1981 vimini-

13 2027 26 2088 J
71 2009 168 2066 bus
185 2026 491 2067 contexunt.
533 2009 732 2087 Magici
751 2004 1057 2085 peritissimi.
1094 2010 1158 2062 In
1189 2004 1371 2061 medio

13 2094 47 2130 ·Ῑ
70 2092 215 2149 cursu
234 2111 418 2146 navem
441 2086 608 2145 sistere
625 2079 658 2152 ,’
678 2088 920 2167 quicquid
941 2103 1062 2143 toto
1077 2086 1207 2142 orbe
1225 2086 1367 2164 geri-

35 2182 37 2184 ’
67 2189 155 2229 tur
171 2172 319 2235 scire,
342 2188 529 2228 ventos
562 2173 768 2226 venales
789 2169 980 2226 habere
1000 2167 1361 2245 perhibentur,

26 2292 27 2307 ι
53 2254 295 2318 ¹Adarno
314 2247 591 2309 Brem'ense
615 2249 756 2307 teste.

16 2402 19 2415 Β
47 2393 52 2398 ,
149 2337 333 2391 Mores
352 2333 581 2410 Scythici
600 2353 691 2411 per
709 2329 1018 2389 Vniversam
1037 2332 1360 2393 Americam,

35 2444 40 2450 ·
70 2417 246 2495 plures
266 2417 353 2472 uni
373 2417 484 2472 viro
501 2412 888 2476 uxores‚h0stes
906 2407 1364 2480 comedere,caeso-

669 2498 729 2555 N
784 2514 808 2573 5
1247 2513 1365 2550 rum
