1435 2696
223 35 1088 105 AmnchNARvM,Lib.1V.
1244 51 1349 111 251

52 120 260 183 filianos
275 139 503 200 unquam
522 116 588 175 ad
603 118 804 177 cultum
838 121 1209 179 humaniorem
1225 157 1243 184 ‚
1260 115 1358 176 nist

56 224 152 283 per
167 221 398 268 exterOS,
417 205 702 260 venturos?
734 207 816 259 Ita
834 204 1123 283 Hispanos,
1143 203 1358 265 Gallos,

59 288 369 345 Germanos
386 283 638 348 Romani,
659 284 782 342 alias
798 304 984 365 gentes
1003 286 1182 345 Graeci
1200 304 1360 341 exco-

57 369 283 426 luerunt.
323 367 517 426 Venit
505 365 664 445 igitur
695 367 893 425 Manto
909 367 976 425 ab
1005 383 1185 426 extera
1200 381 1363 446 gente

60 452 116 508 in
135 451 429 510 Peruviam.
471 449 619 528 Ergo
635 450 797 507 velex
814 451 910 509 alia
929 449 1194 509 Americae
1214 463 1363 528 parte

60 529 182 592 vel
161 553 190 588 a
208 528 563 590 transmarinis
579 530 705 587 oris.
748 527 1214 612 Circumspicienti
1230 528 1366 587 mihi

59 629 235 672 totam
270 613 580 672 American]
613 615 778 693 qualis
808 634 926 672 ante
945 613 1371 706 quadringentos?

62 716 228 753 annos
248 694 378 761 fuit,
409 695 548 752 nulla
567 716 699 775 gens
715 698 941 755 occurrit
961 694 1098 754 unde
1114 696 1240 753 oriri
1260 714 1363 773 po-

26 776 30 780 ’
61 780 218 835 tuerit
238 799 397 859 quam
431 777 734 837 Navatlacae
752 786 804 839 &
822 780 1073 838 Iucatani.
1121 782 1362 856 Vtraque

61 879 240 918 tamen
258 881 389 942 gens
418 859 708 917 immanior
735 858 831 919 fuit
848 883 1007 942 quam
1025 877 1079 917 ut
1097 880 1218 917 cum
1239 859 1364 916 miti

58 949 302 1000 Incarum
333 942 553 1023 ingenio
583 943 885 1002 conveniat.
961 943 1188 1003 Omitto
1217 960 1364 997 aures

64 1026 305 1083 didue‘cas
327 1033 377 1086 δέ
398 1026 507 1081 alia.
548 1024 880 1095 Quaerenda
867 1025 1090 1117 igiturin
1107 1020 1365 1081 transma-

62 1108 187 1164 rinis
204 1105 508 1186 regionibus
526 1110 772 1164 Incarum
793 1109 976 1186 patria.
1019 1109 1160 1165 Situs
1193 1110 1362 1161 Peru-

63 1191 157 1249 viae
175 1189 217 1245 is
235 1187 308 1246 est
332 1205 388 1246 ut
406 1188 469 1245 ad
485 1187 821 1246 occidentem
841 1187 1021 1246 Asiam
1045 1227 1060 1253 ‚
1093 1185 1363 1266 imprimis

58 1269 437 1350 amplissimum
456 1270 693 1329 Sinarum
712 1291 931 1351 regnum
950 1270 1206 1363 respiciat.
1249 1273 1357 1325 At-

58 1374 159 1434 que
178 1353 300 1412 hinc
315 1353 574 1434 originem
591 1357 745 1412 Incas
764 1354 965 1412 trahere
981 1356 1207 1411 omnino
1223 1349 1365 1408 arbi-

65 1453 277 1493 tramut-

511 1599 711 1657 CAP.
752 1598 867 1655 XI.

63 1708 292 1748 Manconem
319 1719 407 1748 cum
423 1702 528 1762 finis
545 1722 689 1769 magno
706 1706 899 1750 comitatu
913 1705 953 1748 in
969 1703 1187 1748 vermium
1202 1703 1360 1764 veniffi.

125 1774 172 1811 E
168 1785 226 1813 sua
245 1772 349 1815 Sociz
343 1766 454 1816 diflt'
470 1778 585 1817 Incae.
607 1774 797 1815 oreiones.
819 1774 929 1815 Peru
942 1768 1042 1813 m'ln‘l
1055 1770 1227 1830 conceſsit
1246 1773 1363 1815 Smae.

126 1841 312 1884 Cuzconu
326 1852 459 1900 magn
448 1835 637 1894 ificentia.
658 1839 773 1882 Latii
785 1838 915 1898 opinio
929 1836 1084 1896 rejec‘ia.
1104 1838 1276 1880 Peru-via
1287 1853 1369 1880 an-

0 1879 5 1952 i
126 1912 164 1944 te
180 1909 294 1945 Incas
311 1915 340 1944 a
359 1901 507 1962 Scytlm
524 1899 729 1947 habitata.
751 1906 1016 1948 Peruanorum
1031 1917 1119 1948 cum
1131 1902 1221 1947 altis
1240 1911 1360 1948 Ame-

125 1968 269 2013 rtcanis
286 1968 571 2014 convenientia.

68 2087 214 2226 D
234 2089 282 2145 E
317 2110 427 2168 quo
459 2106 741 2168 antequam
762 2109 925 2168 porro
940 2112 1173 2171 agamus,
1196 2112 1366 2172 expo-

236 2169 471 2228 nendum
491 2191 719 2251 quinam
738 2170 836 2228 sint
853 2176 1006 2232 Incae.
1041 2180 1365 2267 Peruani3ut

26 2252 385 2309 ,audivimus'
389 2289 406 2317 ,
444 2253 602 2311 solius
633 2254 982 2318 Manconis&
1021 2259 1191 2335 Coyae
1230 2258 1361 2333 ejus,

56 2348 316 2413 tanquam
349 2335 688 2393 conditorum
722 2337 940 2415 Imperii
971 2336 1079 2405 sui,
1101 2339 1363 2398 memine-

62 2433 204 2474 tunt.
244 2416 412 2488 Quod
432 2439 615 2483 verum
636 2417 671 2494 si
692 2421 901 2502 Regem
933 2429 986 2485 δι
1022 2438 1183 2503 caput
1195 2418 1364 2480 confi-

1192 2503 1363 2563 detes,
