1435 2696
10 94 14 97 ⁵
287 21 1132 91 Amnnreananvmzibflc
1244 46 1354 103 129

61 122 174 166 tum
194 106 360 164 crucis
391 102 421 162 ὲ
451 105 948 186 Carthaginensium
970 108 1351 167 mercatoribus

30 223 37 239 .<
55 189 410 249 Americanos
453 188 699 266 accepifle
731 188 946 268 quidam
982 191 1352 267 prodiderunt,

0 325 6 329 .
31 303 33 305 ·
54 270 198 350 quod
216 269 300 328 vel
321 285 596 348 propterea
613 265 840 326 sanitatis
861 267 1206 336 manifestum,
1229 275 1351 352 quia

50 353 221 410 nullus
237 351 402 409 crucis
417 366 538 406 ante
558 349 831 409 Christum
850 369 1029 407 natum
1048 391 1064 415 ‚
1083 353 1271 417 honos,
1293 363 1348 413 &

49 435 171 514 quia
204 453 327 491 crux
356 426 708 489 foedifflmum
743 433 878 510 apud
915 439 1113 491 Poenos
1156 431 1352 514 suppli—

47 518 208 575 cium.
270 517 411 586 Quae
461 516 740 572 Comraeus
775 511 972 591 profert
1003 535 1308 595 argumenta
1328 552 1347 578 ‚

46 597 293 655 Atlantes
324 590 536 654 Afros}
568 597 924 653 Daemonibus
956 615 1205 662 vexatOS,
1234 617 1346 654 tum

44 677 283 759 Magiam
319 685 373 739 &
403 678 772 735 Idololatriam
808 679 1122 735 Phoenicum
1155 681 1351 757 pariter

47 769 100 822 δι
123 760 712 840 Americanoruimquia
736 760 912 817 multis
929 760 1177 840 gentibus
1195 781 1347 817 com—

46 844 224 901 munia
241 885 255 909 ‚
277 842 617 921 praeterimus.
652 843 1003 898 Americanos
1022 841 1170 899 Idola
1189 839 1345 898 suain

46 923 292 983 lintribus
310 943 460 981 more
478 919 686 972 -au‘taea‘nm
702 924 1038 987 Phoenicum,
1060 925 1340 987 collocare,

43 1027 208 1064 nemo
223 1005 459 1086 probatae
475 1000 601 1062 fidei
618 999 865 1063 haotenus
899 1005 1114 1063 tradidit
1134 1045 1150 1074 ‚
1168 998 1256 1060 sed
1277 1006 1344 1061 de

47 1087 351 1149 Sinenfibus
369 1087 423 1145 id
443 1103 624 1145 verum
641 1085 734 1142 est.

118 1176 200 1227 Ita
218 1168 498 1226 Phoenices
513 1168 568 1224 in
584 1166 889 1225 Americam
909 1165 1169 1247 navigaffe
1190 1173 1242 1226 ὃ(
1262 1163 1337 1222 ibi

14 1283 19 1289 «
39 1249 137 1309 suae
155 1250 328 1330 gentis
344 1250 590 1309 homines
607 1247 862 1330 reliquisse
878 1287 896 1314 ,
927 1248 1049 1306 satis
1065 1252 1336 1307 evidenter

38 1331 448 1411 ostensum3quae
467 1330 498 1387 fi
517 1330 654 1388 inter
668 1329 716 1390 se
736 1348 1226 1410 comparentunncc
1244 1349 1337 1405 per

36 1431 212 1491 partes
227 1414 314 1471 secl
346 1414 496 1470 simul
525 1432 581 1468 ac
598 1413 817 1488 junotim
850 1412 1240 1470 examinentur,
1260 1407 1337 1465 fa-

39 1497 139 1553 cile
172 1496 222 1554 se
254 1493 464 1553 curiosis
495 1497 821 1573 antiquarum
852 1494 1117 1572 originum
1139 1489 1329 1570 proba-

36 1576 191 1634 bunt.
236 1577 409 1652 Qod
427 1596 551 1633 vcro
570 1574 743 1654 postea
775 1576 924 1651 hujus
955 1574 1102 1632 orbis
1119 1590 1226 1628 tam
1247 1573 1329 1627 lu-

37 1660 271 1716 culenter
286 1658 522 1737 cogniti,
546 1658 798 1712 memoria
817 1657 1018 1734 penitus
1040 1654 1326 1716 intercidit,

36 1749 88 1800 δε
106 1738 199 1818 ipsi
219 1739 523 1798 Americani
540 1737 672 1794 adeo
689 1738 1067 1816 degenerarunt
1083 1773 1096 1798 ‚
1116 1738 1222 1810 ejus
1243 1757 1323 1792 ra-

34 1822 209 1878 tiones
229 1822 402 1877 multae
419 1815 536 1875 sunt
556 1862 567 1882 ‚
589 1819 702 1876 duae
725 1837 896 1874 autem
922 1821 1190 1896 praecipuae
1207 1855 1222 1881 ,
1242 1821 1322 1872 in-

33 1903 172 1960 vidia
190 1902 503 1960 Phoenicum
524 1909 576 1960 &
593 1900 802 1959 avaritia
818 1938 834 1965 ‚
871 1921 928 1957 ac
949 1903 1089 1977 quod
1111 1900 1322 1978 publico

30 1985 211 2042 edicito
227 1979 320 2039 sub
336 1979 642 2063 gravissimis
661 1981 831 2059 poenis
849 1982 1238 2060 navigationem
1259 1982 1323 2037 il-

34 2064 140 2121 lam
163 2058 605 2144 Carthaginenses
623 2062 1001 2120 interdixerint.
1026 2066 1158 2120 Non
1177 2064 1318 2118 enim

33 2146 163 2204 alios
186 2147 369 2210 mode,
391 2163 445 2201 ut
460 2145 773 2222 Tyrrhenos
791 2180 807 2207 ‚
828 2164 1004 2200 verum
1025 2146 1183 2201 etiam
1203 2142 1320 2201 suos

31 2229 312 2285 *Atlantico
346 2227 478 2284 mari
509 2223 860 2307 exclusprunt,
883 2224 1025 2303 quod
1044 2227 1224 2283 Gades
1245 2245 1324 2282 tc-

34 2308 281 2366 nentibus
297 2329 403 2366 non
435 2301 645 2363 difficile
659 2303 758 2362 tuit
773 2343 789 2369 ‚
812 2308 945 2362 unde
965 2309 1211 2385 paulatim
1231 2329 1323 2362 ex·

29 2389 201 2472 tingui
233 2391 516 2472 regionum
550 2380 1010 2447 remotissimarum
1047 2391 1324 2448 memoria.

701 2473 730 2525 Ι
1170 2472 1330 2527 Fama
