1435 2696
87 45 167 106 90
356 7 1137 80 DEOR101N.GENTivu

81 110 179 166 tale
197 104 453 163 diluvium
473 96 1274 182 particulareffonfitrvatasfuiffc.
1316 102 1399 159 Ita

84 212 206 252 cum
226 197 281 249 δε
300 186 424 244 fitus
455 194 509 246 &
541 183 856 264 magnitudo
885 181 1117 261 &scasas
1135 180 1397 241 mirabilis

85 293 195 332 non
214 271 297 327 alii
317 286 464 327 terrae
483 288 641 347 quam
661 268 930 326 Americae
950 265 1235 327 conveniat
1251 302 1268 329 ‚
1289 265 1392 323 rni-

82 377 200 416 rum
217 351 294 410 est
311 351 596 409 nonnullos
616 365 791 406 totam
827 350 1185 407 narrationem
1206 348 1393 404 Plato-

82 439 165 497 nis
182 436 316 494 adeo
335 435 537 491 elevare
555 454 570 500 ;
589 438 642 492 &
659 429 834 490 nescio
852 454 979 514 quas
995 431 1276 511 allegorias
1292 427 1393 486 firi-.-

81 541 226 601 gere.
268 515 381 575 Vbi
398 535 506 572 non
522 512 595 571 est
627 513 852 571 dubium
875 516 1002 595 quin
1018 536 1110 571 cos
1127 513 1261 571 ratio
1280 511 1394 588 ple-

81 596 290 660 niffime
308 594 471 678 fugat.
514 598 662 655 Nam
682 599 839 654 Plato
858 613 1040 655 exerte
1059 597 1190 655 dicit
1205 639 1220 660 ,
1240 591 1415 669 nense

68 682 293 759 fabulam
300 678 384 754 sed
400 697 561 736 veram
579 678 825 736 instoriam
843 695 1062 736 narrare.
1080 680 1152 736 Et
1168 677 1389 735 Proclus

80 764 397 823 Marcellum
433 760 698 842 quendam
733 765 936 821 Rerum
970 760 1386 840 AEthiopicarum

28 903 31 905 ,
79 848 393 925 scriptorem
412 845 537 902 citat
556 882 572 909 ‚
611 844 701 924 qui
719 845 943 904 eandem
977 841 1249 901 historiam
1270 860 1387 900 tan-

80 950 241 1007 quam
257 947 435 985 veram
453 924 736 1006 descripsit.
768 929 891 987 Nec
909 925 1107 987 Strabo
1123 923 1386 984 diversum

77 1008 239 1067 sentit
255 1007 344 1089 qui
373 1006 496 1065 alias
516 1025 626 1064 tam
660 1006 825 1068 facilis
853 1009 930 1068 est
963 1011 1015 1067 in
1030 1007 1385 1088 explodendis

78 1094 305 1150 aliorum
323 1089 931 1168 opinionibu53Crantor
949 1112 1159 1172 quoque
1184 1090 1383 1170 primus

77 1173 315 1234 Platonis
331 1172 609 1250 interp1·e3‚
626 1189 796 1230 totam
816 1175 1172 1232 narrationem
1192 1169 1384 1231 Histo-

75 1257 242 1313 ricam
273 1248 374 1310 effe
406 1252 660 1331 prodidit.
703 1259 887 1334 Atque
915 1257 988 1312 ita
1003 1251 1104 1312 effe
1121 1255 1381 1334 accipien-

75 1338 200 1395 dam
219 1335 341 1393 Ioh.
359 1339 607 1392 Serranus
624 1337 825 1394 erudite
845 1337 1020 1395 docet.
1063 1339 1214 1396 Nam
1234 1335 1380 1417 quod

74 1440 139 1476 ex
158 1412 472 1498 quibusdam
487 1410 754 1482 fabulofis,
774 1420 840 1476 de
859 1420 1379 1497 temp10,Neptun0‚

80 1502 326 1564 Clitone‚
349 1500 503 1556 Bello
519 1517 703 1559 contra
723 1498 1070 1558 Athenienses
1090 1538 1106 1565 ‚
1127 1517 1297 1557 totam
1318 1502 1376 1557 in

69 1582 240 1639 dubia
254 1581 611 1639 narrationem
632 1601 824 1643 vocant
843 1628 856 1648 ,
884 1582 938 1640 id
955 1603 1113 1663 quam
1133 1583 1374 1663 iniquum

68 1662 132 1721 sit
150 1685 309 1721 nemo
326 1683 433 1718 non
452 1664 615 1721 videt.
659 1668 801 1723 Cum
822 1667 993 1745 prisci,
1015 1682 1069 1722 ut
1087 1668 1262 1723 omnis
1281 1686 1376 1722 an-

71 1746 284 1824 tiquitas
313 1740 549 1803 fabulosa
567 1745 639 1804 est
657 1787 674 1812 ,
711 1749 870 1804 etiam
893 1745 1125 1805 maxime
1144 1768 1263 1806 vera
1280 1747 1374 1805 tali
1433 1780 1435 1830 ἒ

66 1824 305 1883 fabularfi
324 1826 604 1906 pigmento
618 1826 749 1908 saepe
767 1829 1063 1888 incrustent.
1110 1834 1192 1886 Ita
1207 1829 1372 1908 igitur
1432 1842 1435 1900 2

68 1909 357 1965 Atlantidis
377 1930 456 1966 res
474 1933 605 1970 verae
621 1913 819 1991 aliquid
845 1906 953 1969 falfi
983 1912 1372 1992 longinquitate
1431 1901 1435 1978 l

69 1993 326 2068 temporis
347 1998 399 2049 &
431 1995 753 2051 tradentium
786 1996 935 2073 culpa
964 2011 1371 2052 contraxerunt.
1415 1995 1418 2001 ’

67 2073 190 2128 Nec
209 2072 396 2126 mirum
416 2076 610 2150 priscos
630 2082 954 2155 Interpretes
972 2077 1367 2155 Platonisque.-

66 2153 139 2208 ies
161 2154 737 2235 Proclus‚Porpl]yriuS‚
748 2161 1040 2239 Origenes»,
1059 2155 1367 2235 itajudicas-
1429 2188 1433 2218 ε

71 2228 122 2289 se
138 2254 151 2286 :
169 2253 394 2310 quorum
412 2239 463 2292 in
480 2258 594 2295 eam
613 2263 723 2298 rem
741 2240 1022 2299 sententias
1039 2238 1366 2300 Sebastianus
1427 2222 1433 2301 l

68 2315 266 2372 Foxius
296 2313 569 2376 Morzillus
617 2319 939 2400 Hispalenlis
971 2321 1076 2381 fuse
1109 2316 1357 2379 recenset.
1426 2322 1431 2415 j

75 2392 332 2453 Marfilius
351 2397 552 2457 Fieinus
571 2423 778 2485 qnoque
796 2401 1113 2464 excusandus
1137 2426 1150 2462 z
1178 2403 1365 2541 quige-
1425 2422 1429 2487 g

1302 2480 1356 2541 te
1427 2491 1429 2494 ’
