1435 2696
48 49 118 103 62
349 57 441 100 ωε
461 39 1116 102 omer-N·.(313N·r1vm

43 141 146 208 que
164 140 220 185 ut
235 123 467 183 exaffius
504 139 681 204 pateat
705 159 722 188 ‚
757 119 986 203 pofitura
1019 122 1183 180 totius
1198 121 1349 181 orbis
1414 123 1421 192 ξ

46 226 167 266 ante
186 207 369 266 oculos
386 205 628 264 habenda
645 202 736 263 est.
1393 211 1421 279 s}

116 290 200 348 Ex
236 311 336 370 qua
370 304 513 368 patet
547 292 593 347 A
608 287 854 344 meritam
873 308 990 345 cum
1013 285 1346 366 Septentrio·
1408 297 1409 300 ’

40 369 500 431 naliGronlandia
532 370 896 428 continentem
918 366 1015 426 effe
1033 407 1049 434 2
1083 377 1137 428 &
1157 385 1346 425 utcun-
1413 375 1418 441 g

41 476 144 535 que
162 451 285 512 vasti
308 451 442 510 smus
458 453 821 517 intercurrant,
837 448 1032 508 fretum
1055 469 1235 507 tamen
1254 448 1349 506 ha-

41 540 224 594 &enus
243 534 625 597 nullun1‚etiarn
646 553 844 612 magno
861 530 1031 589 studio
1048 530 1344 610 quaefitum,

41 617 252 695 reperiri
273 612 501 695 potuisse.
517 614 851 673 Gronlandia
868 613 990 671 inde
1009 609 1180 674 versus
1200 616 1346 692 Lap-
1410 629 1414 658 1

41 701 184 779 piam
205 697 462 776 protensa,
482 695 546 751 ab
564 713 806 753 extremo
822 697 931 773 ejus
949 695 1344 774 promontoriO,

41 779 186 862 quod
204 779 429 857 antiquis
447 775 1052 842 Rubeae,recentioribus
1082 785 1135 830 N
1137 774 1344 856 ordkyn,
1410 795 1412 798 ’

41 862 281 920 maximo
311 857 451 917 freto
483 861 566 916 vel
599 860 800 937 patenti
816 861 992 939 potius
1027 859 1157 917 mari
1175 858 1345 937 dispe—
1409 899 1411 902 .

41 941 217 1002 scitur.
264 941 417 1018 Qid
436 943 565 998 ultra
585 941 646 999 fit
666 963 758 1021 per
773 958 964 1020 partes,
986 936 1143 1022 usque
1163 940 1224 998 ad
1244 961 1344 996 no·
1408 978 1410 1020 ζ

41 1046 164 1082 vam
182 1026 424 1081 Zemlam
442 1020 714 1081 lustratum
733 1024 825 1089 est,
847 1044 1069 1104 magnus
1087 1022 1340 1080 nimirum
1406 1022 1410 1063 J

45 1110 294 1166 Oceanus
325 1105 379 1160 in
413 1125 520 1183 quo
551 1100 732 1183 sparsae
766 1105 1027 1164 hincinde
1046 1104 1147 1164 five
1166 1105 1344 1162 conti-

43 1187 217 1245 nentis
235 1183 537 1264 partesfive
555 1184 726 1243 insulae
746 1186 879 1243 sunt.
923 1195 1107 1267 Atque
1129 1186 1204 1244 ibi
1221 1181 1343 1244 fess'a
1406 1191 1407 1207 ³

45 1268 328 1328 hominum
372 1263 601 1323 substitit
634 1266 902 1324 curiositas
932 1277 984 1328 δε
1017 1285 1161 1325 totus
1193 1267 1280 1324 ille
1311 1264 1344 1323 ὂ,
1403 1337 1406 1340 .

46 1351 210 1409 Nova
226 1347 410 1404 Zemla
427 1346 490 1403 ad
524 1348 799 1426 Iaponiam
816 1345 973 1426 usque
1000 1357 1053 1409 &
1072 1346 1341 1407 Sinensem

46 1450 254 1489 murum
273 1450 332 1486 ac
368 1432 607 1487 Coream
625 1431 825 1487 traetus
847 1467 863 1494 ‚
881 1431 1151 1509 Europaeis
1172 1431 1342 1487 adhuc
1401 1466 1404 1487 ὲ

43 1513 346 1593 incognitus
364 1509 454 1567 est.
510 1514 586 1569 Vt
620 1509 655 1568 fi
687 1510 877 1570 alicubi
896 1514 1144 1569 America
1162 1511 1343 1569 nostro
1401 1571 1404 1576 ,

44 1595 164 1652 orbi
196 1595 278 1652 vel
308 1593 576 1671 proximat
605 1594 688 1651 vel
721 1594 983 1659 cohssaeren
1004 1593 1056 1650 id
1076 1595 1212 1651 circa
1228 1596 1342 1652 Ca-

43 1677 300 1735 thaiam&
315 1692 461 1732 extra
475 1674 726 1733 areticum
744 1676 996 1732 circulum
1015 1676 1125 1733 fieri
1141 1672 1342 1733 neceffe

45 1756 125 1816 fit.
160 1759 331 1837 Igitur
346 1756 411 1812 ab
429 1757 524 1815 hac
543 1772 686 1836 parte
704 1794 720 1820 ‚
744 1757 933 1835 duplex
954 1759 1008 1814 in
1027 1758 1336 1816 Americam

45 1861 139 1917 per
171 1837 507 1897 occidentem
541 1848 592 1899 &
627 1841 888 1896 orientem
923 1842 1020 1898 via.
1075 1845 1178 1898 Per
1196 1839 1335 1896 occi-

43 1923 260 1977 dentem
277 1936 332 1976 ut
349 1941 413 1976 ex
431 1921 646 1998 ingenio
660 1922 861 1977 illarum
895 1922 1167 2000 regionum
1187 1938 1337 1978 aeter-

44 2023 107 2058 na
125 2002 287 2080 glacie
304 2008 357 2061 &
380 2001 584 2060 nivibus
601 2002 882 2082 rigentium
901 2020 1064 2081 patet,
1084 2000 1336 2061 difficilli-
1394 2038 1397 2061 ;

42 2104 177 2146 muS,
195 2103 302 2137 non
321 2100 500 2140 tamen
518 2081 851 2163 impoffibilis
883 2084 1121 2141 transitus
1156 2083 1330 2147 datur,
1393 2133 1395 2135 ,
1430 2079 1434 2087 ’

41 2183 158 2219 cum
178 2181 354 2220 natura
375 2185 470 2243 pro
487 2167 725 2223 locorum
744 2160 1012 2244 asperitate
1031 2166 1189 2222 etiam
1210 2185 1331 2222 cor-

42 2264 166 2320 pora
179 2241 391 2299 formet.
440 2251 519 2303 Vt
551 2269 678 2305 vero
706 2245 852 2305 facile
873 2248 1145 2304 credamus
1161 2250 1332 2304 Ame-
1394 2263 1398 2309 ζ’

36 2325 196 2380 ticam
216 2328 688 2400 Septentrionalem
724 2327 856 2387 Afiae
881 2329 1091 2406 propius
1108 2329 1331 2403 conjun-

37 2407 113 2486 gi,
132 2425 319 2485 nupera
335 2426 492 2481 quam
510 2411 804 2470 Franciscus
839 2414 1022 2470 Caron
1042 2409 1329 2489 publicavit
1392 2448 1394 2451 -
1434 2447 1435 2450 κ

1091 2490 1324 2568 Iaponiae
1387 2537 1392 2558 5
