1435 2696
39 73 108 121 22
296 66 389 108 niz
416 43 1090 108 ORIGIN.GENTIVM

45 130 465 202 transmiserunt,
489 150 618 210 quas
635 127 689 186 in
707 127 872 209 longe
891 123 1059 187 dissita
1079 129 1198 186 loca
1215 126 1366 187 vola·
1430 147 1435 202 j

46 247 101 285 re
118 218 322 283 Plinius
339 216 548 273 notavit
563 257 576 278 ‚
601 220 653 274 &
669 207 916 270 familiari
934 212 1257 270 ciconiarum
1276 234 1370 272 ex-

44 329 133 367 em
140 304 233 381 plo
247 317 533 378 patet‚quae
548 296 830 377 quotannis
847 298 902 355 in
919 298 1047 377 AEgy
1057 313 1208 377 ptum
1225 295 1377 356 alias-

53 409 154 470 que
171 384 416 464 regiones
434 379 626 440 calidas
642 381 872 439 avolant.
925 386 1009 438 Ita
1042 397 1225 438 anates
1257 400 1376 460 quae-

56 476 335 546 innumere
353 464 418 522 ad
435 484 584 522 oram
603 462 839 522 nostram
861 461 1381 543 conspiciuntut‚de-

56 548 321 637 prehensae
354 545 382 605 a
400 547 611 607 Batavis
631 548 685 604 in
704 549 872 606 Nova
893 549 1083 606 Zemla
1100 568 1199 607 ova
1219 566 1384 628 ponoe-

5 660 10 670 ·
58 660 114 696 re
132 643 186 697 &
206 631 498 695 excludere,
520 629 668 710 quod
687 631 945 690 haestenus
964 630 1271 709 ignoratum
1282 628 1383 692 ‚fa-

60 718 202 778 bulis
231 734 446 797 quoque
478 708 655 771 ansam
689 713 935 793 praebuit.
982 711 1389 791 Navigantibus

63 802 117 860 in
138 803 372 858 Oceano
391 795 455 853 ad
477 802 549 855 Io
566 816 603 855 C
623 814 660 852 c
675 814 714 853 c
730 818 761 854 c
803 795 1044 853 milliaria
1064 792 1091 850 a
1109 795 1389 852 continen-

66 900 119 941 te
139 902 258 939 aves
277 874 616 956 conspe'c‘taS,
638 900 752 959 quae
772 899 881 936 non
899 873 1194 934 intermiffo
1210 878 1395 935 volatus

69 959 284 1024 claffem
318 961 719 1040 insequerentur
735 1007 748 1026 ‚
778 956 1120 1021 Linschotius
1152 957 1384 1016 testatur.

69 1052 224 1109 'Nam
254 1042 389 1103 fessae
420 1043 505 1099 vel
520 1041 612 1100 sub
631 1045 779 1124 aquis
798 1082 814 1110 ‚
849 1047 933 1102 vel
953 1050 1005 1101 in
1038 1041 1270 1102 cautibus
1288 1079 1305 1107 ,
1324 1038 1392 1096 ad

71 1152 201 1212 quas
219 1144 401 1185 natura
418 1119 675 1190 feruntur,
700 1122 993 1205 quiescunt.
1317 1140 1321 1146 ‘

158 1215 239 1270 Vt
258 1205 458 1267 Acosta
475 1227 583 1266 non
598 1206 841 1266 debuerit
862 1229 956 1286 pro
973 1205 1286 1287 impossibili
1303 1204 1398 1263 ha-

75 1297 208 1363 bere*
224 1312 346 1350 aves
366 1290 528 1347 maria
549 1287 887 1348 transvolare.
932 1288 1175 1348 Difficile
1208 1288 1263 1346 id
1296 1283 1398 1345 effe

78 1379 221 1434 uitro
252 1367 481 1430 fatemur
517 1393 530 1427 :
568 1374 673 1431 Sed
707 1394 766 1429 ca
799 1391 979 1430 tamen
999 1367 1281 1428 difficultas
1301 1410 1318 1434 ‚
1341 1386 1398 1425 ut

76 1459 190 1518 aliae
202 1457 256 1515 in
272 1454 428 1512 rebus
446 1450 940 1534 humanis‚superari
956 1451 1254 1511 necessitate
1273 1470 1398 1532 pot-

79 1539 177 1599 est.
221 1539 384 1598 Vnde
403 1538 586 1595 Latius
603 1539 774 1595 reste:
795 1548 871 1594 De
887 1538 1047 1593 avibus
1064 1537 1238 1616 inquit
1268 1573 1285 1602 ‚
1307 1552 1397 1590 non

82 1625 153 1679 ef}
169 1619 291 1694 quod
296 1617 487 1695 solliciti
521 1639 652 1676 imus.

161 1700 470 1763 Terrestres
499 1699 621 1760 ferae
655 1723 719 1760 ex
739 1722 836 1758 una
867 1701 919 1757 in
939 1702 1093 1758 aliam
1113 1701 1399 1759 continen-

85 1805 197 1845 tem
217 1786 301 1844 vel
320 1785 524 1865 exiguis
558 1778 701 1841 fretis
735 1801 913 1840 natatu
939 1784 1184 1864 superatis
1203 1784 1283 1840 vel
1306 1803 1399 1862 per

87 1869 320 1950 glaciem
353 1883 629 1924 venerunt.
687 1868 869 1936 Quod
894 1866 1090 1925 Acosta
1121 1863 1396 1947 ingeniose

85 1948 464 2029 deprehendit.
514 1950 659 2018 Quia
691 1970 809 2006 cum
830 1952 1111 2007 continens
1134 1949 1399 2007 Americae

90 2031 355 2096 leonibus,
376 2030 771 2110 urfisntgribus,
790 2034 956 2089 cervis
973 2042 1025 2094 &
1044 2032 1157 2090 aliis
1175 2030 1402 2111 quadru—

90 2114 314 2193 pedibus
350 2112 587 2172 abundet
620 2137 633 2170 :
668 2115 807 2170 nulla
835 2115 943 2189 ejus
975 2115 1181 2195 generis
1213 2112 1406 2192 depre-

90 2194 246 2254 hensa
264 2192 471 2252 fuerunt
486 2197 538 2254 in
553 2193 844 2253 illisinsulis
863 2218 977 2276 quae
995 2198 1207 2276 longius
1226 2195 1254 2252 ἒι
1273 2215 1406 2253 con-

94 2279 299 2336 tinente
317 2272 522 2343 absunt‚
541 2280 720 2358 quales
738 2277 1232 2358 Hispaniola‚Cuba
1250 2284 1302 2337 &
1322 2299 1403 2334 re-

97 2361 274 2439 liquae.
315 2360 396 2414 Ex
415 2381 522 2439 quo
539 2379 685 2439 patet
704 2363 897 2419 alicubi
914 2362 1190 2441 angustum
1208 2354 1402 2416 fretum

103 2441 413 2499 American]
437 2440 618 2499 nostro
635 2447 767 2502 orbe
786 2444 1112 2514 abscindere,
1130 2440 1277 2524 quod
1295 2459 1401 2498 tra-

100 2523 210 2582 nari
229 2524 309 2584 vel
328 2524 594 2605 congelari
609 2524 785 2604 poffit.
1324 2527 1402 2584 At
