1435 2696
28 46 147 113 154
319 25 1128 90 nEORthIGENz-tvu

21 121 83 181 N
91 133 250 173 ovam
283 111 533 170 Zemlam
554 119 608 172 &
629 113 1049 179 Gronlandiam,
1072 113 1350 176 venerunt.

26 204 180 264 Nam
204 197 306 255 illae
341 193 591 274 regiones
608 233 625 261 ‚
661 215 883 279 propter
913 197 1136 257 uberem
1170 213 1354 262 terrae,

29 284 211 345 maris„
231 280 368 336 acris
392 297 703 337 venatu-ram
722 319 740 348 ,
765 299 914 341 certo
932 282 1055 340 anni
1072 298 1321 361 tempore
1337 316 1357 348 ,

32 365 208 430 lunio,
231 362 386 426 lulio,
413 360 660 443 Augusto
674 358 1083 448 frequentantur
1098 363 1127 422 Ξ
1145 361 1360 427 Ρεηῃίε,

38 444 396 530 Lapponibus
412 482 428 509 ‚
450 448 751 523 Samojedis
771 487 787 515 ‚
812 467 869 507 ut
885 448 1191 508 Linscotius
1210 442 1367 504 testa·

39 553 143 593 tur.
192 533 315 590 Nec
335 521 563 587 insuavis
596 531 674 588 ibi
695 551 788 609 per
805 530 1035 591 aestatem
1057 528 1353 589 habitatio:

46 636 172 676 cum
189 613 361 673 solum
381 605 678 670 floriferum
698 622 752 674 &
770 635 1049 673 amoenum
1073 613 1150 672 sit.
1199 613 1367 671 Nova

48 695 629 761 Zemla‚Gr0nlandia
661 704 715 757 &
749 699 932 756 vicinae
952 694 1125 755 insulae
1142 693 1365 760 sunt‚in

50 783 245 863 quibus
266 777 489 838 Huni&
512 779 683 837 Fenni
716 778 819 840 five
837 779 1040 840 Fanefii
1071 778 1100 836 ὲ
1136 777 1279 836 Mela
1309 783 1365 838 &

57 866 171 922 aliis
190 863 541 921 collocantur.
599 866 742 935 Quae
775 885 933 925 voces
966 861 994 920 ὲ
1031 860 1294 922 Graeculis
1311 858 1365 915 in

56 957 211 1001 Oomu
230 954 283 1007 ὃ(
307 946 521 998 Panotios
539 962 753 1004 mutatae
772 992 784 1012 ‚
811 945 1061 1020 pudendo
1078 943 1244 1002 errori
1265 979 1282 1007 ‚
1300 939 1368 997 de

56 1025 432 1091 victitantibus
464 1027 581 1085 ovis
613 1037 668 1090 ὅ(
705 1049 1016 1111 magnarum
1052 1027 1251 1085 aurium
1271 1024 1373 1081 ho-

61 1113 296 1173 minibus
317 1148 332 1173 ,
365 1108 700 1168 occasionem
734 1111 1088 1192 praebuerunt.
1149 1107 1375 1185 Quippe

62 1195 314 1257 Fam-sios
348 1191 426 1247 ibi
444 1190 698 1250 habitasse
715 1233 731 1258 ,
753 1204 805 1255 &
826 1196 902 1252 ita
920 1191 1207 1274 legendum
1227 1227 1244 1255 ‚
1264 1207 1375 1246 non

65 1279 347 1341 Panotios,
368 1276 513 1331 locus
530 1273 782 1335 ostendit.
828 1280 977 1335 Nam
1012 1293 1235 1333 omnem
1255 1291 1374 1328 eam

68 1360 418 1423 Sarmaticam
437 1378 606 1422 oram,
628 1359 814 1422 Penni,
836 1363 1118 1438 Lappones
1137 1364 1187 1416 &
1209 1353 1301 1435 qui
1315 1351 1384 1410 ab

71 1446 155 1506 his
174 1437 400 1523 profecti
416 1433 533 1497 sunt
550 1480 567 1506 ‚
600 1441 664 1497 ab
682 1442 835 1497 omni
867 1441 1151 1497 hominum
1170 1456 1384 1494 memo-

70 1532 146 1589 ria
161 1524 533 1584 tenuerunt.Et
548 1522 749 1581 Fanefii
768 1517 1385 1604 di&i‚quemadm0dum

73 1607 375 1672 Tauriscos,
397 1602 1005 1670 Hunniscos‚Suediscos
1021 1606 1264 1662 dicimus.
1279 1602 1384 1658 Fa-

76 1695 258 1755 bulam
278 1692 343 1749 de
366 1691 567 1755 Ooni5‚
588 1688 730 1771 quasi
747 1690 861 1748 ovis
883 1688 1172 1746 viffitarint
1191 1693 1244 1747 &
1263 1703 1385 1740 ave·-

81 1781 161 1837 nis
181 1815 198 1841 ‚
233 1777 384 1856 plane
418 1770 670 1830 destruxit
702 1793 922 1852 magnus
955 1768 1253 1830 Salmasius,
1299 1765 1381 1823 Ex

79 1865 244 1922 Nova
264 1857 452 1915 Zemla
469 1864 522 1916 δε
543 1855 743 1936 Lappia
772 1855 827 1911 in
847 1853 1241 1913 Cronlandiam
1260 1852 1382 1908 bre-

82 1946 159 2002 vis
177 1942 441 2018 trajectus.
463 1939 634 1997 Variae
651 1938 793 1995 enim
812 1938 1118 2015 interjacent
1134 1934 1306 1992 insulae
1324 1937 1379 1991 δε

82 2045 231 2084 terrae
250 2021 490 2080 nondum
509 2042 701 2077 omnes
719 2019 876 2077 nobis
893 2021 1198 2099 exploratae.
1229 2020 1383 2079 Qua-

83 2128 200 2165 rum
220 2127 334 2184 pars
353 2125 561 2184 quoque
585 2103 913 2161 habitantur:
951 2118 1009 2158 ut
1026 2104 1196 2160 Terra
1215 2099 1380 2156 Metae
1404 2119 1406 2122 ’

81 2189 396 2266 incognitae,
430 2190 497 2242 ab
533 2189 770 2264 Hugone
802 2184 1166 2263 VVillugbaeo
1197 2177 1386 2258 Anglo

85 2275 313 2352 primum
334 2269 554 2328 detecta.
616 2271 785 2347 Igitur
815 2288 878 2323 ex
913 2287 1009 2322 una
1041 2267 1097 2322 in
1128 2264 1283 2320 aliam
1303 2257 1388 2319 vel

89 2373 181 2434 per
197 2350 451 2431 glaciem,
475 2353 557 2407 vel
589 2349 680 2406 ubi
710 2371 770 2407 ea
801 2347 982 2406 deficit
1000 2385 1016 2412 ‚
1039 2345 1243 2424 scaphis
1260 2362 1388 2402 ven-

89 2456 201 2497 tum
220 2429 315 2491 est.
341 2433 607 2500 Qualibus
624 2432 895 2510 Samojedi
910 2433 962 2488 in
981 2432 1204 2490 Novam
1224 2430 1388 2565 Zelm-

1305 2524 1390 2563 am
