1435 2696
12 117 15 122 Α
262 52 1112 119 AM'ER1CANARVM‚Lib.W.
1273 76 1382 134 239

0 188 3 190 ,
86 134 371 202 Quiviram
403 157 560 193 naves
598 156 816 216 quarum
851 156 1049 215 puppes
1080 156 1208 195 auro
1223 145 1276 199 δε
1300 161 1381 196 ar-

80 234 249 296 gento
282 220 468 275 caelatae
492 214 684 275 fuerint
720 218 1021 275 franciscus
1058 214 1299 300 Vasquez
1319 223 1385 278 de

83 301 381 357 Coronado
398 299 813 380 narravit‚idque
832 300 1068 378 Iaponiis
1085 309 1136 366 δι
1156 302 1385 360 δὶηεῃίί·

82 379 180 436 bus
198 399 466 460 receptum
506 377 747 439 Maffeius
779 381 832 437 in
864 381 1102 439 Historia
1133 383 1312 440 Indica
1331 393 1387 446 &

81 464 386 523 Ludovicus
404 465 553 520 Frois
570 464 624 519 in
654 460 902 542 Epistolis
921 484 1093 521 rerum
1112 468 1392 544 Iaponica-

9 613 12 615 Α
82 565 200 603 rum
221 544 450 601 tradunt.
498 541 754 623 Repertas
789 546 840 602 in
862 545 997 603 Mari
1018 546 1104 604 del
1125 550 1284 605 Nord
1300 543 1384 606 su-

86 647 176 705 pra
195 626 466 683 Floridam
501 624 686 684 frafflis
718 626 1007 684 Sinenfium
1027 649 1184 685 naves
1203 635 1390 704 Petrus

86 708 634 788 MelendeziusRegis
671 703 941 788 Hispaniae
980 708 1392 769 Archithalaffus

84 789 223 868 apud
241 788 497 847 Acostam
515 788 751 847 testatur.
781 793 836 848 Η
844 811 885 850 ae
905 792 1257 869 proculdubio
1273 792 1391 851 sunt

80 873 181 930 illae
196 892 350 929 naves
369 872 434 928 de
452 873 640 951 quibus
657 872 920 947 Epicerini
939 894 1066 953 gens
1081 875 1217 932 circa
1245 878 1388 945 Qui-

83 955 250 1014 viram
268 953 529 1011 habitans.
579 957 728 1012 Nam
760 976 822 1012 ex
855 954 981 1013 Afia
996 957 1050 1013 in
1070 959 1384 1016 Americam

80 1035 388 1115 navigantes
419 1035 566 1115 supra
598 1037 898 1114 Tropicum
933 1039 1106 1096 cancri
1122 1040 1388 1098 enituntur

84 1126 139 1178 &
159 1119 224 1173 ad
249 1117 531 1187 Quiviram
552 1120 633 1177 vel
655 1116 1002 1176 Californiam
1025 1122 1201 1199 primo
1221 1159 1237 1186 ‚
1260 1122 1384 1180 inde

81 1201 263 1255 littora
280 1200 516 1278 legentes
532 1237 548 1264 ‚
572 1200 634 1257 ad
651 1222 847 1259 novam
868 1201 1182 1280 Hispaniam
1201 1205 1381 1282 appel-

73 1280 207 1337 lunt.
229 1282 375 1337 Hinc
391 1281 456 1339 ad
480 1284 842 1350 Quatulcanos
861 1283 992 1340 olim
1012 1285 1271 1361 ejusmodi
1291 1307 1385 1365 pe—

80 1363 320 1443 regrinos
338 1381 653 1422 mercatores
685 1364 937 1423 adveftos
971 1364 1214 1423 constans
1245 1368 1296 1423 in
1315 1390 1376 1425 ea

79 1462 222 1521 parte
256 1441 394 1501 fama
428 1443 501 1503 est
521 1484 537 1509 ,
554 1468 687 1525 quos
717 1447 953 1504 Sinenses
983 1456 1036 1508 δε
1056 1448 1373 1526 Iaponenses

74 1521 221 1582 fuiffe
239 1527 360 1583 inde
386 1529 691 1605 cognitum,
714 1532 828 1608 quia
845 1523 1012 1585 serico
1030 1529 1196 1586 induti
1216 1553 1229 1584 ε
1252 1532 1372 1609 quia

71 1608 234 1688 longe
251 1607 316 1665 ab
333 1609 606 1665 occidente
625 1610 1017 1688 adnavigarunt.
1061 1614 1182 1669 Nec
1199 1610 1371 1669 existi-

77 1691 336 1746 mandum
378 1688 730 1747 difficiliorem
776 1693 919 1767 illam
970 1694 1367 1772 navigationem

76 1791 232 1849 quam
266 1787 319 1826 ut
341 1769 370 1826 a
401 1770 691 1827 Sinenfium
726 1773 942 1830 navibus
960 1773 1098 1831 obiri
1116 1778 1367 1852 potuerit.

76 1856 227 1909 Nam
260 1872 401 1907 mare
432 1855 571 1908 inter
603 1856 747 1910 Sinas
764 1876 822 1911 ac
843 1876 1036 1911 novam
1056 1851 1368 1935 Hispaniam

76 1932 233 1991 Brisis
264 1933 570 2011 spirantibus·
601 1934 666 1991 ab
686 1937 990 1994 Occidente
1007 1939 1058 1994 in
1077 1941 1367 1996 Orientem

72 2012 223 2072 facile
242 2017 529 2094 navigatur.
546 2020 692 2095 Saepe
712 2038 867 2074 naves
888 2021 1268 2100 quinquaginta
1285 2024 1367 2080 vel

16 2141 19 2144 -
70 2096 337 2175 sexaginta
356 2097 539 2153 diebus
555 2097 782 2157 secundo
796 2118 956 2157 vento
971 2096 1257 2159 suavifl'ime
1274 2124 1366 2159 na-

74 2180 270 2257 vigant.
291 2184 455 2236 Anno
471 2183 559 2234 cb
577 2184 633 2235 I:>
657 2201 800 2237 Lxxx
816 2204 960 2238 iv.ex
979 2185 1168 2242 Callao
1186 2184 1250 2241 dc
1270 2186 1366 2243 Li-

19 2311 23 2321 ,
70 2281 155 2317 ma
174 2261 317 2316 navis
340 2258 512 2317 mense
529 2261 816 2319 Februario
832 2264 1090 2323 &Martio
1106 2265 1210 2324 fere
1230 2265 1368 2325 sem-

69 2363 163 2420 per
177 2336 268 2397 sub
286 2332 546 2421 aequato‘re
560 2335 797 2401 secundis
814 2346 983 2403 ventis
998 2347 1223 2427 usquein
1246 2350 1367 2406 Ma·-

69 2424 221 2480 nillas
238 2424 516 2503 navigavit.
537 2425 744 2489 Eadem
761 2420 1006 2487 facilitate
1027 2432 1141 2493 usus
1156 2427 1249 2489 fuit
1269 2432 1365 2486 Al*

95 2529 98 2532 ’
1215 2529 1368 2571 Varus
