1435 2696
81 45 199 111 2⁴36
275 93 279 96 .
369 56 460 103 DE—
482 39 1140 108 Quem-nemim

79 133 290 192 xicanae·
312 127 542 207 Vtrique
559 125 652 184 rafi
672 163 690 190 ,
709 126 850 183 cultu
867 127 1106 206 corporis
1120 163 1139 192 ‚
1176 125 1266 206 offi
1275 127 1384 194 cioss

80 211 367 275 vitaiidem
389 232 401 264 :
424 208 548 267 licut
563 208 630 289 de
663 208 958 266 Mexicanis
987 217 1041 270 &
1078 209 1378 269 Sinenfibus

79 291 370 358 Acosta‚de
394 291 718 349 Cianduanis
737 298 790 349 δι
809 289 1245 350 Sachionenfibus
1262 296 1374 353 Ve-

79 394 231 436 netus
261 370 493 433 testatur.
516 374 587 430 Et
618 372 911 431 notandum
929 371 1004 431 est
1036 373 1274 433 Sinenses
1292 390 1370 431 at-

81 481 184 541 que
203 451 517 537 Iaponenses
537 477 748 536 quoque
768 455 1076 514 Sacerdotes
1094 451 1211 514 suos
1228 462 1374 514 Pon-

80 539 246 600 tifices
264 539 528 597 maximos
546 538 646 597 five
665 545 830 616 Papas
847 538 1241 596 habere-Idolis
1258 538 1379 596 thus

79 632 136 683 δε
155 624 250 679 alia
267 618 551 699 fragrantia
570 620 781 677 adolere
813 642 827 676 :
864 623 1174 679 Contiones
1193 620 1256 679 ad
1275 642 1374 700 po-

79 707 264 786 pulum
286 702 478 760 habere
511 741 528 768 ,
560 698 880 760 duriffimam
913 704 1078 763 vitam
1112 703 1370 782 opinione

75 787 217 865 vulgi
265 784 473 843 ducere.
543 790 684 852 Quae
719 787 900 842 omnia
937 786 1204 843 Mexicani
1236 806 1373 864 quo-

79 891 181 950 que
202 865 459 926 fecerunt.
490 866 568 923 Ex
590 865 779 947 quibus
796 885 1008 947 apparet
1026 869 1371 926 Convenien-

71 954 144 1010 tia
175 952 313 1007 inter
329 950 671 1028 Religionem
706 950 1108 1009 Mexicanorum
1129 987 1145 1014 ‚
1178 954 1374 1007 Perua-

74 1053 265 1093 norum
283 1075 297 1097 ‚
319 1031 673 1088 Kataiensium
693 1069 710 1096 -‚
730 1032 1020 1089 Sinenfium
1039 1053 1097 1088 ac
1115 1033 1370 1110 Iaponio-

73 1138 191 1175 rum
209 1137 221 1171 :
242 1112 522 1194 quomodo
545 1112 1007 1172 Christianismum
1039 1114 1285 1192 paulatim
1305 1112 1370 1170 ad

77 1195 327 1279 profanos
347 1203 398 1256 δε
419 1199 490 1250 im
500 1197 612 1273 pios
629 1197 756 1251 ritus
773 1196 1100 1253 detorserim.
1125 1193 1239 1254 Vbi
1255 1215 1365 1252 non

71 1279 292 1361 quidem
325 1279 595 1354 negarim,
624 1277 675 1334 id
709 1279 854 1356 quod
888 1276 1080 1335 Acosta
1097 1278 1254 1334 toties
1286 1278 1367 1334 in-

73 1363 266 1424 culcat,
293 1358 516 1416 Diaboli
532 1355 797 1415 fraudibus
817 1359 927 1415 haec
945 1354 1238 1438 contigili'e.
1260 1359 1363 1417 Sed

71 1444 318 1502 id'minus
338 1439 610 1519 probabile
642 1440 877 1504 videtur,
921 1443 1221 1520 excogitata
1254 1442 1364 1498 haec

72 1524 256 1602 inipso
287 1525 459 1581 Novo
490 1520 656 1587 orbe,
690 1543 800 1579 non
825 1523 967 1580 illata
1000 1545 1063 1580 ex
1101 1524 1235 1585 illis,
1270 1523 1363 1578 ubi

69 1607 336 1685 hodieque
362 1604 605 1661 obtinere
627 1604 866 1663 vide-mus
885 1604 1190 1684 regionibus
1210 1601 1366 1669 Afiae,

70 1689 209 1746 unde
233 1686 423 1744 faffilam
445 1687 494 1741 in
515 1687 823 1743 American]
843 1685 1361 1766 transmigrationem

67 1771 325 1830 variarum
357 1769 595 1845 gentium
630 1767 845 1825 constat.
882 1771 1020 1827 Mira
1051 1771 1107 1826 in
1137 1770 1270 1826 Sinis
1303 1774 1359 1827 δε

65 1857 268 1929 Iapone
316 1850 660 1928 Religionum
689 1850 906 1907 varietas
939 1884 955 1911 z
983 1858 985 1861 ’
1006 1873 1117 1931 quae
1158 1848 1358 1921 duabus

70 1933 342 2013 praecipuis
363 1933 576 1988 Amidae
594 1941 644 1991 ἃ
666 1932 882 1988 Xacami
900 1931 1049 1989 seffis
1079 1934 1358 1990 continen-

69 2033 172 2071 tur.
192 2018 425 2071 Venetus
442 2034 457 2068 τ
475 2013 606 2066 Idola
621 2015 745 2086 apud
762 2016 1045 2088 Zipangrios
1060 2017 1193 2070 varia
1207 2052 1225 2079 ‚
1252 2021 1350 2066 Ca·

70 2097 172 2169 pite
207 2095 366 2149 bovino
395 2132 411 2159 ‚
442 2096 626 2165 porcino
641 2135 657 2161 ‚
695 2097 873 2153 canino.
923 2106 1073 2152 Erant
1088 2096 1246 2170 quibui
1261 2095 1357 2150 dua
1418 2131 1421 2133 -

71 2179 120 2231 in
139 2193 223 2230 uno
239 2177 389 2246 capite
393 2173 544 2247 facies
563 2221 576 2240 ,
613 2191 749 2231 erant
765 2178 921 2248 quibus
954 2180 1049 2235 tria
1065 2180 1241 2252 capita,
1260 2193 1358 2231 tres

73 2275 249 2315 manus:
270 2258 369 2309 aliia
388 2258 557 2328 viginti
573 2261 649 2314 vel
661 2274 844 2315 centum
861 2262 1027 2316 etiam.
1046 2264 1189 2323 Sicut
1204 2261 1259 2316 in
1277 2259 1359 2316 Si-

74 2340 153 2397 nis
171 2358 380 2419 quoque
402 2339 611 2396 Idolum
630 2342 849 2420 triceps·‚
883 2343 1139 2422 capitibus
1167 2337 1218 2398 se
1239 2361 1356 2397 mu-
1434 2391 1435 2395 ,

74 2439 168 2478 tuo
197 2418 593 2497 respicientibus
620 2460 638 2489 2
678 2424 820 2501 quod
854 2424 1106 2485 denotare
1138 2424 1351 2484 dicunt,

1254 2521 1359 2560 tres
