1435 2696
89 57 166 110 66
395 67 485 107 DE
508 49 1166 109 Onto1n.GEN·r1vm

84 135 150 192 sis
168 130 421 212 oppositae
440 149 708 195 terrae5nec
727 129 882 188 Brisae
901 127 1045 187 statis
1059 127 1399 208 temporibus
1425 132 1435 185 s

85 218 142 273 in
161 217 254 272 illo
273 218 500 274 Oceano
528 209 780 293 spirantes
797 255 809 275 ‚
833 211 1005 271 versus
1028 210 1358 270 Libanotum
1375 255 1392 278 ‚
1425 258 1428 275 ,

83 297 172 356 sed
193 299 335 355 reeta
367 296 435 352 ab
466 297 669 352 oriente
688 296 742 351 in
775 295 1111 352 occidentem
1145 292 1309 357 flant,
1335 314 1396 353 ac
1424 317 1428 350 :

87 381 332 437 veEtores
348 377 464 436 suos
480 381 637 457 longe
655 374 822 433 adhuc
841 375 869 432 a
887 377 1070 433 littore
1086 374 1395 434 destituunt-⁴
1424 372 1435 449 1

86 459 304 518 Deinde
328 464 543 517 Iucatan
561 461 698 515 inter
714 475 799 516 tot
814 456 947 515 finus
970 459 1239 516 Mexicani
1255 455 1397 515 insu'-
1422 497 1425 501 -

87 545 163 600 las
185 542 387 620 penitus
407 540 546 621 quasi
565 538 871 598 abscondita
886 541 1030 597 latet.
1057 541 1200 615 Qis
1218 538 1400 598 credat
1421 559 1424 595 ε

88 623 370 704 piscatores
386 624 529 681 refia
563 623 628 680 ad
648 626 951 679 Iucatanem
970 622 1221 702 abreptas
1237 658 1254 685 ‚
1279 641 1399 679 cum

84 701 382 785 peritiffimi
413 722 580 762 nautae
614 707 753 762 inter
790 721 874 760 tot
911 704 1087 762 brevia
1119 713 1172 765 &
1212 701 1404 760 insulas
1420 734 1433 778 ῃ

23 849 27 855 ,
88 789 292 844 cursum
311 786 342 843 s
336 807 457 842 uum
479 787 562 845 vix
581 803 756 843 tenere
778 782 972 865 poffint
988 785 1178 865 absque
1199 781 1401 841 naufraa-
1418 799 1432 856 χ·

85 869 221 948 gio?
269 871 353 925 Ac
370 866 554 924 demus
590 867 746 948 usque
781 869 845 927 ad
867 867 1189 927 Canibalum
1213 860 1420 923 insulas·

88 952 171 1009 vel
205 970 318 1030 quae
349 949 591 1030 opposita
607 949 714 1015 est,
738 951 1139 1007 meridionalem
1187 947 1404 1006 Ameri-

85 1053 201 1090 cam
222 1028 411 1090 vcniffe
437 1038 456 1108 (
473 1053 595 1088 nam
633 1053 730 1089 nec
761 1033 824 1090 ad
843 1033 967 1089 alias
987 1052 1104 1088 oras
1124 1027 1402 1109 tempesta-

92 1115 236 1170 tibus
255 1111 424 1191 abripi
448 1121 758 1192 potuerunt)
791 1136 897 1194 quo
915 1114 1132 1171 tandem
1149 1109 1260 1169 fato
1276 1132 1402 1191 pau·-

94 1196 197 1251 culi
214 1194 493 1273 piscatores
508 1195 561 1251 in
578 1200 879 1252 Iucatanam
898 1217 991 1274 per
1007 1213 1092 1253 tot
1108 1195 1170 1252 ad
1180 1194 1279 1251 huc
1297 1210 1403 1250 ter-

95 1295 270 1333 rarum
295 1277 624 1355 mariumque
659 1275 819 1354 spatia
838 1281 1129 1334 venerunt?
1173 1273 1403 1334 Constat

94 1358 257 1414 etiam
276 1353 490 1414 difficile
507 1355 605 1415 effe
639 1362 706 1414 ab
743 1358 1015 1437 AEthiopiae
1048 1379 1139 1414 ora
1156 1359 1209 1414 in
1229 1359 1397 1414 altum

96 1439 318 1517 provehi
341 1476 358 1503 ,
379 1459 476 1496 nec
492 1439 634 1496 inter
649 1442 920 1518 Tropicos
946 1457 1054 1496 tam
1071 1441 1245 1518 longae
1265 1456 1402 1495 tem-

93 1519 321 1598 pestates
337 1541 451 1601 quae
467 1516 819 1600 deprehensos
835 1517 993 1601 usque
1014 1523 1067 1577 in
1087 1521 1400 1577 American!

91 1602 322 1677 ejiciant.
365 1603 436 1660 Et
469 1602 619 1682 quod
651 1599 823 1660 solum
855 1604 921 1661 ad
952 1598 1185 1660 fabulam
1218 1601 1410 1658 redar-·

93 1684 360 1762 guendam
379 1683 857 1765 suff1cit3nunquam
876 1684 1114 1760 Abyffini
1130 1685 1193 1742 ad
1215 1687 1409 1743 Ocea--

94 1786 226 1822 num
260 1767 587 1824 Atlanticum
620 1767 857 1845 Imperio
905 1768 995 1825 suo
1027 1780 1394 1845 pervenerunt.

97 1847 406 1912 Quomodo
437 1849 596 1927 igitur
641 1844 885 1927 Abyffini
931 1846 1214 1928 piscatores
1244 1849 1297 1904 in
1329 1865 1407 1901 eo

95 1930 268 1985 mari?
290 1930 412 1986 Alia
432 1928 796 2010 Congenfium
815 1931 950 1989 ratio
965 1929 1040 1988 est
1058 1950 1282 2011 quorum
1301 1947 1404 1983 na*

97 2030 189 2066 ves
217 2011 280 2066 ad
312 2012 571 2085 ejusmodi
600 2012 991 2091 navigationem
1023 2033 1135 2069 non
1165 2011 1416 2070 omnino

99 2088 288 2166 ineptae
307 2100 358 2152 &
376 2092 721 2151 ducentorum
740 2096 1015 2151 vectorum
1029 2114 1243 2174 capaces
1260 2092 1393 2161 sunt,
1412 2110 1418 2172 g

103 2167 229 2226 teste
267 2177 523 2251 LopeziO.
564 2177 636 2233 Et
670 2175 735 2231 ab
753 2175 834 2232 his
851 2179 930 2236 vel
948 2173 1286 2255 propioribus
1301 2174 1416 2243 ad?-

101 2251 203 2307 huc
221 2254 552 2314 Genensibus
570 2258 834 2337 originem
853 2257 1203 2337 proculdubio
1219 2261 1416 2318 traxe-³-

99 2332 228 2388 rein
249 2335 440 2391 Careta
456 2340 645 2415 reperti
673 2342 951 2419 nigerrimi
979 2334 1249 2420 AEthiopes
1282 2350 1413 2393 nonc

98 2413 390 2472 admodum
426 2420 592 2498 multi·
608 2420 672 2478 de
693 2420 879 2501 quibus
895 2419 1253 2482 testimonium
1273 2438 1392 2497 per-²-

1198 2500 1380 2559 hibent
