1435 2696
313 52 708 108 AMERICAN
729 67 920 108 ARVM
942 52 1084 116 ,Lilv
1107 59 1152 108 L
1283 72 1352 128 29

38 128 364 216 fquibusdam
379 126 802 190 adolescentibus
814 135 1064 212 exceptis,
1078 132 1354 191 radebant.

40 222 200 291 rQae
217 215 435 274 varietas
453 213 516 270 de
534 207 714 292 priscis
730 215 1038 295 Norvvagis
1055 223 1107 278 &
1127 224 1358 296 Longo-

51 297 230 356 bardis
247 294 452 353 ostendi
470 307 580 353 non
599 294 790 375 potest.
830 299 961 367 Qo
978 297 1356 378 accedit,qu0d

51 380 189 437 inter
204 381 506 437 Germanos
520 378 604 434 alii
624 393 681 433 ut
697 378 850 437 Suevi
867 385 918 437 ὃ(
937 379 1193 438 Sicambri
1210 384 1362 438 Cro-

56 460 216 539 bylos
233 457 490 539 gerebant
507 457 535 515 a
550 453 727 515 fronte
745 460 799 515 in
819 461 1066 518 verticem
1087 498 1102 525 ‚
1124 461 1355 519 crinibus

54 543 111 600 in
141 541 345 599 nodum
383 541 539 598 tortis
571 549 626 600 &
657 542 709 597 in
742 561 938 599 conum
959 540 1314 601 defluentibus
1332 575 1355 617 3

53 622 142 680 alii
159 622 378 701 capillos
396 620 861 690 retrocomebant3
883 624 1022 700 cujus
1039 626 1250 704 generis
1267 646 1357 683 ca·-

54 705 362 784 pillamenta
380 705 433 761 in
455 721 568 763 tota
586 705 836 764 America
867 725 977 761 non
1009 707 1355 784 reperiuntur.

54 789 203 846 Nam
223 786 628 844 Floridanorum
662 786 810 843 nodo
842 784 1177 845 substric‘tum
1198 789 1357 866 capil-

16 933 17 938 ,
53 870 346 928 lamentum
366 868 616 945 crobylus
633 889 742 925 non
760 866 834 925 est
855 891 868 925 ε
902 869 1094 948 quippe
1113 891 1224 926 non
1241 888 1356 927 tor-

15 939 17 1002 Ϊ
54 967 194 1014 tum,
216 970 325 1008 non
343 950 488 1006 nodo
506 948 858 1015 substridffim,
874 945 962 1007 sed
984 967 1132 1006 extra
1149 968 1355 1015 eum‚ut

14 1092 15 1097 ,
49 1032 194 1111 apud
228 1031 510 1090 Phoenices
528 1068 544 1096 ,
581 1033 725 1090 cirris
760 1031 1180 1109 dependentibus
1212 1029 1355 1111 spar-

14 1112 15 1169 }
51 1111 187 1171 surm
234 1116 425 1170 Fateor
455 1112 710 1174 vocabula
728 1113 965 1192 quaedam
985 1114 1049 1171 ad
1069 1115 1356 1172 Germani-

14 1206 15 1251 i
52 1214 166 1252 cam
189 1197 472 1274 Originem
487 1192 665 1252 referri
681 1191 955 1274 poss‘e38ed
973 1215 1030 1251 ea
1045 1215 1202 1274 pauca
1218 1194 1354 1262 sunt,

13 1292 14 1295 ’
48 1276 168 1334 imo
198 1278 336 1333 nulla
364 1272 471 1333 fere
501 1292 557 1333 ut
574 1280 756 1336 Latius
776 1279 904 1335 vult.
951 1282 1127 1337 Vnam
1147 1278 1233 1334 ille
1254 1299 1352 1336 vo-

52 1379 172 1416 cem
189 1357 310 1417 vere
329 1360 643 1416 Saxonicam
675 1359 810 1438 apud
831 1361 1081 1417 Hurones
1102 1355 1350 1417 observa-

12 1479 13 1489 κ
51 1441 130 1498 vit
147 1478 164 1506 ,
188 1440 278 1518 qui
295 1439 526 1497 hariolos
543 1438 659 1499 suos
678 1450 731 1502 &
752 1440 995 1498 Medicos
1029 1439 1145 1516 Lokj
1174 1443 1353 1519 appel-

12 1587 13 1591 ,
51 1523 181 1587 lant,
202 1523 382 1602 quales
399 1525 585 1603 Anglo
602 1522 890 1582 Saxonibus
910 1522 1080 1590 Lakes.
1106 1524 1212 1581 Cui
1230 1523 1354 1579 Me-

53 1605 289 1662 xicanam
307 1603 373 1661 ab
391 1604 640 1663 omnibus
659 1607 976 1687 praeteritam
1001 1605 1156 1662 addo,
1207 1607 1350 1661 Acale

50 1686 116 1742 iis
147 1687 436 1745 naviculam
471 1705 623 1744 notat
654 1726 670 1753 ‚
705 1709 818 1768 quae
853 1686 1142 1745 Saxonibus
1173 1688 1351 1761 Kuyla.

54 1767 199 1825 Sicut
218 1769 459 1825 Britanni
479 1768 707 1828 scribunt
724 1809 740 1836 ,
767 1790 856 1826 eos
878 1789 996 1826 cum
1015 1768 1183 1825 tribus
1204 1771 1353 1847 Cuy-

51 1850 115 1906 lis
132 1851 184 1908 in
202 1850 528 1908 Britanniam
549 1873 670 1911 cum
692 1848 959 1931 Hengisto
977 1847 1183 1907 venifl'e.
1211 1859 1348 1904 Gua-

8 1988 11 2005 =
51 1948 135 2007 ray
151 1934 232 1991 vel
253 1940 403 2010 Varay
416 1932 726 1993 bellicosum
747 1929 1034 2012 significat,
1058 1932 1195 1988 unde
1216 1952 1351 2013 gens

8 2033 10 2096 ζ
48 2013 137 2071 illa
153 2014 298 2094 supra
314 2013 588 2073 Brafiliam
607 2053 623 2080 ‚
655 2017 795 2090 cujus
826 2015 1002 2094 lingua
1020 2034 1111 2092 per
1125 2034 1347 2072 omnem

8 2145 9 2175 3
51 2098 359 2154 American]
391 2093 628 2155 latiflima
648 2133 665 2163 ,-
698 2116 895 2152 nomen
927 2094 1025 2151 fibi
1049 2095 1342 2174 imposuit,

7 2178 9 2189 ²
56 2184 245 2232 Guerra
275 2178 549 2237 Celtarum
583 2178 679 2237 effe
709 2177 925 2235 videtur.
988 2179 1180 2257 Aliqua
1209 2178 1345 2256 apud

7 2275 9 2278 ’
51 2259 394 2340 Virginianos
427 2276 704 2319 occurrunt
722 2274 778 2314 ut
809 2258 964 2314 Ibider
994 2257 1155 2324 dens,
1178 2260 1344 2314 VVado

6 2415 7 2419 Ἰ
51 2343 224 2408 Pater,
243 2341 576 2417 Edagamanck
593 2341 828 2422 gladius:
850 2340 983 2397 Codd
999 2361 1111 2419 pes.
1154 2343 1340 2416 Huro-

7 2451 11 2457 ·
53 2421 206 2490 nibus
235 2426 444 2484 Aihtaha
475 2441 637 2505 pater.
679 2423 781 2485 Sed
817 2423 932 2506 quis
963 2444 1026 2482 ex
1041 2439 1148 2483 tam
1166 2422 1342 2502 paucis

1179 2522 1342 2564 VOC2⁴
