1435 2696
0 104 14 119 „
245 43 1125 112 Amnxcananvnffiibstlr.
1263 44 1375 127 177

0 158 3 199 5
52 122 312 186 ‘bitationes
340 146 430 185 non
462 130 769 187 inveniuntur
787 125 876 202 sed
903 128 1226 188 tantummodo
1230 127 1366 203 ferm

0 225 17 286 i¹
64 212 240 293 Igitur
256 211 346 293 qui
361 214 493 270 olim
511 210 579 269 ab
597 209 1078 292 Anthropophagis
1094 213 1161 271 ad
1180 211 1368 271 Tabin

65 293 222 373 usque
243 292 572 360 habitabant,
593 294 784 373 partim
801 291 954 351 excisi
973 332 990 361 ‚
1011 294 1202 373 partim
1219 291 1372 375 fuga-

63 376 107 434 ti
122 374 258 435 sunt.
306 377 427 434 Nec
443 372 764 456 fugientibus
782 376 998 455 propior
1015 395 1152 434 terra
1171 410 1188 443 ,
1207 397 1365 457 quam

65 459 254 539 ingens
273 457 619 520 &littoribus
648 456 892 536 opposita
924 459 1186 516 America.
1248 461 1371 517 Ma-

63 561 227 621 gnam
260 540 394 598 hanc
429 540 785 619 complurium
818 541 1139 618 populorum
1173 540 1369 619 migra-³

64 624 272 680 tionem
293 616 438 679 fuisse
456 660 473 687 ,
494 644 558 678 ex
577 640 838 679 terrarum
855 620 1021 698 spatio
1040 638 1154 701 pate
1164 640 1198 679 t.
1245 626 1370 680 To·-

67 723 180 762 tam
199 725 317 764 rem
337 703 672 762 Marcellinus
688 703 768 759 his
785 702 960 760 verbis
978 706 1251 783 proponit:
1274 713 1372 757 Ana

65 786 370 861 thropophagi
388 786 599 842 humanu
614 784 871 858 corporibus
887 785 1152 842 vietitantes
1169 806 1185 852 3
1210 786 1373 859 quibus

65 868 121 924 ob
137 869 228 923 hac
256 870 489 925 alimenta
521 864 710 941 nefaria
742 863 931 941 desertis
948 903 966 931 ‚
990 864 1188 942 finitimi
1218 885 1378 924 omnes

9 947 11 973 ἶ
67 952 208 1025 longa
221 953 400 1024 petiere
418 964 668 1025 terrarum.
711 951 870 1026 Ideoq3,
887 950 1029 1021 plaga
1045 956 1184 1006 omnia
1203 952 1381 1005 Orien-

67 1036 107 1089 u·
122 1035 275 1089 „estivo
291 1032 490 1110 objn‘M,
510 1029 656 1107 usque
671 1031 785 1087 dum
804 1033 992 1088 venitur
1006 1032 1070 1086 ad
1085 1040 1222 1086 Seras
1239 1033 1382 1088 inha-

74 1116 272 1172 bitabilis
288 1113 471 1192 manfit.
512 1117 649 1172 Haec
679 1114 785 1171 ille.
822 1114 1063 1184 Quinam
1082 1115 1156 1172 illi
1174 1113 1239 1170 ab
1260 1118 1379 1172 An-

16 1229 20 1259 1,
69 1198 464 1279 thropophagis
480 1190 645 1277 fugati
678 1196 731 1252 in
747 1195 869 1251 alias
887 1212 1048 1252 terras
1067 1196 1244 1275 populi
1262 1191 1375 1253 fue-

11 1277 19 1332 [³
67 1281 197 1345 rint,
222 1282 415 1338 mirum
440 1300 548 1336 non
568 1277 641 1335 est
659 1277 907 1357 ignorari.
928 1279 1178 1336 Duorum
1199 1293 1375 1335 tamen

69 1364 294 1419 nomina
310 1362 564 1426 exuimus,
601 1361 753 1419 Nam
773 1360 1034 1420 Tabieni&
1053 1360 1225 1431 Apalaei
1240 1362 1381 1417 inter

66 1465 162 1501 eos
181 1441 322 1502 fuiffe
339 1443 605 1502 videntur.
645 1449 685 1495 T
687 1442 842 1497 abieni
861 1442 997 1519 apud
1016 1442 1372 1499 Ptolemaeum

18 1557 22 1587 ς
65 1522 239 1593 sunna
257 1526 451 1606 quibus
469 1523 822 1604 proculdubio
839 1524 1269 1600 promuntorium
1289 1543 1377 1579 ce-

11 1604 22 1672 ῗ
65 1607 417 1666 leberrimum
451 1607 633 1665 Tabin
668 1605 886 1662 dici’tum.
929 1605 1131 1675 Apalaeos
1163 1605 1375 1662 Solinus

11 1673 22 1783 i
69 1686 374 1768 Massagetis
409 1689 685 1767 conjungit
700 1729 715 1751 ‚
753 1693 805 1746 &
824 1687 1022 1743 Plinius
1039 1684 1130 1742 suo
1158 1706 1271 1744 aevo
1290 1684 1372 1744 su-

65 1768 305 1851 perstites
335 1764 476 1826 fuisse
495 1787 671 1849 negat.
720 1762 960 1846 Ipsorum
992 1770 1137 1824 enim
1170 1767 1222 1823 in
1239 1765 1366 1824 Asia

11 1846 23 1913 {f
63 1851 385 1910 memoriam
402 1845 665 1909 interiiffe.
694 1851 830 1910 Non
849 1850 992 1929 quod
1012 1869 1200 1905 omnes
1220 1847 1369 1905 dele-

11 1931 104 1998 sti
135 1953 150 1989 :
185 1932 272 1990 sed
291 1933 408 2011 quia
425 1927 571 1990 sedes
604 1949 886 1990 mutarunt.
951 1927 1229 2006 Qorsum
1259 1930 1362 1987 fni-⁵

59 2015 264 2097 grarint
281 2016 367 2071 diu
384 2013 722 2092 quaerendum
755 2033 863 2070 non
882 2009 956 2068 est
988 2031 1002 2066 :
1035 2011 1289 2069 habemus
1305 2031 1363 2068 e-

12 2102 16 2118 '
60 2100 176 2155 nim
197 2098 251 2154 in
270 2096 482 2155 Florida
512 2097 760 2167 Apalatcos
790 2092 892 2153 five
926 2094 1211 2165 Apalchenos
1224 2114 1360 2173 quos

12 2208 16 2222 τ
46 2178 130 2237 ab
147 2179 230 2237 his
253 2178 472 2256 Apalaeis
499 2193 648 2234 ortos
682 2170 849 2255 ipsum
868 2215 884 2242 ‚
904 2191 1089 2255 praeter
1106 2175 1202 2233 alia
1219 2212 1237 2240 ‚
1256 2195 1361 2232 no-

14 2272 23 2312 3*
65 2281 189 2318 men
224 2260 412 2338 arguit.
457 2259 674 2316 Peruvia
708 2259 903 2314 Tambos
935 2256 1216 2315 hominum
1249 2258 1361 2333 ejus

62 2344 239 2422 gentis
256 2358 310 2396 ut
328 2338 422 2416 ipsi
440 2341 654 2397 tradunt
683 2337 1066 2420 antiquissimos
1083 2383 1095 2403 ,
1114 2339 1367 2418 propagi-

63 2444 194 2483 nem
213 2422 583 2481 Tabienorum
616 2418 864 2480 ostentat.
905 2423 977 2483 Et
1008 2422 1363 2512 quia‘propin3

713 2503 777 2561 M
1277 2520 1371 2582 qut
