1435 2696
194 60 197 66 ’
261 65 1108 131 AMEn1c'ANARvM‚Lib.II.
1260 83 1335 144 75

6 221 8 227 s
37 148 186 228 ,cujus
202 144 337 205 filius
354 148 437 208 vel
455 162 711 225 cognatus
729 147 969 207 Cadmus
987 146 1100 206 fuit.
1136 147 1346 208 Arabes

39 250 259 313 ,gquoque
290 231 343 287 in
372 230 483 305 ejus
516 228 750 285 exercitu
784 231 873 308 qui
906 231 958 287 in
992 230 1258 290 Euboeam
1275 251 1341 287 ex

6 333 7 336 ¹
44 313 258 378 Boeotia
270 312 585 387 trajecerunt
602 307 726 367 teste
742 310 1211 379 Strabone.Alii‚&
1228 312 1353 392 qui-

45 396 167 453 dem
185 392 346 473 longe
374 393 606 450 maxima
623 395 959 472 parS‚partim
978 411 1111 473 terra
1129 416 1220 474 per
1238 397 1349 451 Ca-

41 477 381 536 tabathmum
397 513 413 540 ‚
439 475 631 553 partim
650 511 666 538 ,
700 491 758 531 ut
789 476 854 532 de
872 475 1103 533 Sidoniis
1123 474 1339 554 Crispus

48 557 226 621 tradit,
246 557 754 635 mari‚Cyrenaicam
777 567 831 617 ὅ(
852 553 1147 615 universum
1167 556 1346 635 Africg

43 641 288 711 littoralis
305 641 528 696 traffitum
548 653 903 716 occuparunt,
943 639 1007 696 de
1028 639 1217 719 quibus
1236 637 1341 695 Eu—

29 721 156 784 ,seb.
180 723 233 779 in
252 715 454 779 Graecis
475 719 682 778 Chron-
711 728 762 781 &
785 726 1014 797 Procop.
1037 741 1057 777 1
1072 743 1114 778 1.
1135 720 1345 779 Vanda-

49 804 136 863 lic.
172 805 392 861 Horum
423 805 553 859 Dux
585 810 639 862 &
672 801 926 882 Princeps
955 802 1040 858 ille
1070 799 1167 859 fuit
1184 822 1343 882 quem.

8 896 9 899 ’
49 885 228 943 Graeci
260 887 552 942 Herculem
599 884 828 948 Tyrium
849 921 865 948 ,
887 883 1160 943 Diodorus
1189 885 1346 962 AEgv-

8 1002 12 1006 -
49 967 252 1046 ptium‚
289 962 554 1023 Sallustius
587 964 767 1041 Libyn
797 966 1079 1045 appellant.
1121 967 1347 1024 Nomen

49 1048 158 1122 ejus
183 1068 363 1106 verum
385 1047 521 1104 solus
535 1041 747 1104 fortasse
778 1045 1049 1105 Pausanias
1079 1046 1131 1103 in
1149 1045 1348 1104 Phoci-

50 1129 126 1192 cis
143 1129 336 1188 tradit:
374 1130 585 1184 Macerin
600 1129 690 1183 dici
720 1130 973 1184 Herculem
1004 1128 1268 1208 AEgyptinm
1285 1123 1348 1184 (θ’

45 1207 345 1281 Africanum.
372 1215 510 1280 Quae
526 1213 753 1291 genuina
769 1211 1089 1269 Phoenicum
1108 1230 1211 1270 vox
1230 1207 1347 1287 qui-

8 1294 10 1346 l
48 1292 148 1349 bus
177 1295 301 1364 ἻΡΠΤ)
331 1294 546 1371 Sapiens
572 1301 627 1353 δε
660 1315 818 1374 quem
839 1287 1227 1370 Philosophum
1247 1309 1345 1347 vo-

49 1373 329 1435 canttunde
348 1377 508 1432 etiam
526 1396 630 1433 vox
650 1370 915 1434 Mmtee‘o‘&
952 1383 1004 1435 δε
1024 1369 1348 1452 ipsumMer-

50 1457 182 1526 curii
196 1475 396 1513 nomen
413 1458 560 1514 unica
579 1456 726 1514 litera
740 1452 946 1513 inserta.
990 1458 1079 1513 De
1094 1475 1200 1534 quo
1217 1450 1346 1509 alibi

9 1581 11 1593 Α
52 1559 117 1594 ex
136 1534 377 1617 professo.
425 1541 599 1615 Hujus
632 1538 878 1596 Herculis
899 1534 1130 1595 Africani
1148 1555 1229 1592 res
1246 1553 1343 1611 ge·

52 1617 150 1676 stas
168 1640 330 1676 nemo
350 1623 533 1678 melius
562 1615 811 1677 describit
842 1640 999 1699 quam
1032 1639 1097 1676 ex
1129 1614 1342 1674 Punicis

22 1740 29 1746 ν
53 1702 267 1782 Regum
325 1703 596 1761 Numidiae
625 1701 1020 1760 commentariis
1061 1696 1339 1756 Sallustius,
1389 1716 1396 1723 ··

9 1829 12 1838 ,
39 1784 153 1840 Sed
175 1783 319 1863 quod
337 1806 399 1840 ex
418 1784 583 1843 Persis
600 1825 617 1852 ,
640 1784 837 1847 Medis,
859 1781 1127 1840 Armeniis
1143 1777 1342 1837 confla-

10 1880 13 1915 ὲ
51 1881 164 1921 tum
183 1861 326 1923 fuiffe
347 1868 635 1924 exercitum
668 1868 774 1941 ejus
805 1867 916 1923 vult
946 1861 1232 1919 commoda
1260 1862 1341 1916 in-
1403 1919 1407 1923 s

23 1948 422 2024 ‘terpretatione
435 1949 717 2022 juvandum
738 1944 829 2003 est.
850 1946 993 2014 Quis
1010 1946 1150 2000 enim
1167 1939 1344 2000 credat

10 2078 11 2081 ,
52 2025 232 2087 Persas
250 2038 298 2090 Sc
321 2030 514 2086 Medos
532 2052 652 2088 cum
671 2029 896 2086 Hercule
914 2028 967 2081 in
1002 2021 1236 2082 Africam
1252 2043 1345 2080 ve·—

54 2106 217 2168 niffe?
251 2113 523 2190 Deceptus
554 2113 832 2169 nominum
866 2107 1199 2164 similitudine
1217 2103 1344 2163 Cri*

12 2263 13 2269 ¹
53 2190 172 2268 spus
191 2231 207 2257 ‚
241 2213 359 2249 cum
383 2215 479 2271 pro
510 2193 813 2250 Madianitis
847 2190 1072 2252 Medos,
1093 2209 1191 2267 pro
1207 2190 1344 2244 Ara-

62 2275 206 2330 maeis
224 2276 506 2343 Armenios
525 2312 541 2340 ‚
575 2274 628 2329 id
661 2272 734 2329 est
763 2289 923 2328 notos
954 2269 1049 2328 fibi
1078 2270 1130 2326 in
1160 2271 1341 2327 locum

0 2360 1 2367 ’
56 2352 386 2431 ignotorum,
411 2351 598 2433 posuit.
647 2357 782 2411 Non
811 2354 962 2409 enim>
987 2352 1192 2431 cogniti
1224 2352 1341 2408 Ro-

55 2438 222 2504 manis
240 2436 535 2495 Midianitae
553 2436 634 2497 vel
664 2436 909 2506 Aramaei.
953 2436 1221 2494 Persarum
1244 2450 1343 2486 no-

1220 2528 1341 2571 mel]
