1435 2696
77 0 187 61 162
371 0 1162 53 DEOR101N0GENTIVM

74 81 151 142 ibi
171 95 364 138 naturae
385 76 631 134 miracula
651 82 703 135 &
722 74 935 144 nemini
955 75 1207 134 hactenus
1226 75 1377 159 cogi·
1417 90 1430 96 “

73 185 184 224 tata
213 165 373 220 latere
406 159 632 216 dubium
668 178 775 214 non
808 155 896 214 est.
946 160 1131 217 Batavi
1154 154 1381 240 gradum

83 268 234 307 Lxxx
253 243 547 302 immortali
565 261 683 298 cum
705 241 872 320 gloria
890 239 1210 320 superarunt.
1238 243 1382 313 Qui:

80 331 181 388 bus
199 331 349 386 Deus
382 322 630 406 quicquid
665 341 883 402 uterque
919 325 1072 402 polus
1089 325 1256 383 adhuc
1275 341 1395 400 atrav

79 412 236 470 nocte
255 411 470 489 premit,
489 405 738 487 quicquid
758 407 1017 464 exteriora
1035 406 1172 465 Afiae
1192 408 1274 464 vel
1289 406 1383 463 ab-

85 490 275 552 scindit
309 490 561 548 Amcrica
580 491 659 546 vel
674 489 865 565 jungit,
885 489 1137 569 quicquid
1154 489 1391 547 immen-

86 572 151 635 sae
183 573 541 654 Magellanicae
560 609 577 636 ,
609 570 979 651 detegendum
1010 569 1279 631 reservaffe
1311 568 1407 631 viss

84 658 258 716 detur.

530 794 938 852 CAP.VIL

85 899 226 950 Grotii
238 901 371 963 opinio·
387 895 433 943 de
452 898 791 962 Norvvagorum
820 902 864 945 in
880 898 1119 945 Americam
1144 900 1393 961 migratione

151 966 364 1030 refi’llitur.
420 968 613 1014 Rationes
625 969 650 1013 a*
665 967 814 1030 lingua
828 1001 839 1017 ,
857 981 1029 1030 tempare
1041 999 1054 1017 ,
1070 966 1260 1028 religione
1274 1003 1285 1019 ,
1293 966 1392 1025 fru-

155 1050 307 1084 mento.
325 1034 431 1080 Tlan
442 1050 520 1081 non
534 1036 591 1099 est
605 1032 773 1092 {ant
791 1033 1249 1098 Norimbegafhbulffz.
1269 1032 1392 1089 Tem,
1429 1041 1435 1047 “

153 1103 314 1166 Pagod,
327 1101 510 1165 Guayra.
528 1104 683 1159 Llame,
696 1102 864 1168 Taphos,
876 1102 1003 1166 ΡεΙςς,
1013 1120 1067 1148 an
1079 1102 1382 1164 Norvvagica.

97 1225 230 1363 C
244 1227 473 1281 AEterum
492 1225 573 1282 hic
595 1227 731 1283 viam
750 1229 960 1284 Hunno
978 1223 1185 1304 Scythis
1202 1222 1393 1282 nostris

252 1305 505 1384 Issandica
523 1307 606 1364 sua
627 1309 678 1363 in
714 1309 1020 1368 Americam
1055 1303 1397 1387 transmigra-

92 1390 240 1448 tione
258 1386 530 1467 intercipit
549 1410 771 1469 magnus
790 1393 961 1469 Hugo
980 1427 996 1454 ,
1017 1390 1157 1465 cujus
1176 1390 1272 1447 viri
1293 1387 1395 1445 do-

16 1495 17 1498 *
93 1473 210 1528 &os
227 1491 430 1527 errores
447 1472 621 1528 audire
641 1492 748 1527 non
782 1492 975 1550 magna
992 1488 1135 1527 car-et
1153 1471 1396 1550 volupta-
1417 1475 1420 1479 ’

93 1569 164 1610 tc.
213 1561 388 1606 Omnes
392 1549 552 1624 ferme
563 1554 747 1627 populos
781 1553 954 1633 inquit
985 1553 1066 1624 qui
1084 1558 1141 1606 cis
1161 1555 1396 1608 Isthmum

86 1631 199 1708 sunt
232 1643 447 1688 Panamae
463 1671 481 1699 ‚
519 1655 577 1690 ex
600 1645 652 1689 N
655 1638 868 1710 orumgia
899 1648 1020 1689 ortos
1048 1636 1269 1692 arbitror.
1309 1636 1394 1694 Ex

95 1718 153 1773 N
159 1717 407 1796 orvvagia
439 1717 491 1772 in
510 1717 787 1775 Issandiam
806 1756 823 1783 ‚
845 1716 909 1773 ab
931 1718 1027 1774 hac
1051 1717 1105 1774 in
1124 1717 1395 1775 Gronlan-

91 1796 258 1861 diam,
275 1798 397 1856 inde
417 1798 760 1858 Ftissandiam
778 1808 830 1860 δι
852 1797 1260 1857 Estotilandiam
1280 1820 1397 1879 pat-

95 1894 207 1936 tem
226 1880 548 1945 continentis
580 1882 844 1940 Americae
873 1898 1087 1940 ventum
1123 1883 1249 1940 vult.
1297 1888 1397 1940 Pa·

94 1980 211 2017 rum
228 1955 398 2020 abfuit
415 1963 541 2042 quin
559 1965 693 2022 tanti
722 1964 819 2024 viri
838 1962 1073 2044 auspiciis
1094 1973 1144 2024 &
1163 1964 1398 2021 authori-
1416 2014 1421 2027 .,

96 2056 201 2099 tate
220 2045 506 2124 Norvvagi
532 2048 764 2104 Hunnos
795 2043 1002 2102 nostros
1036 2067 1094 2103 ac
1113 2046 1396 2103 Phoenices

97 2125 347 2184 America
366 2128 636 2204 pellerent,
664 2127 755 2186 nifi
772 2130 901 2185 alter
919 2129 1004 2185 ille
1024 2127 1146 2207 post
1166 2129 1405 2194 Colum--

97 2200 230 2260 bum
250 2204 373 2264 novi
388 2207 537 2266 orbis
555 2211 746 2269 vindex
763 2205 1065 2267 clarissimus
1097 2210 1278 2267 Latius
1293 2207 1398 2266 ob-

99 2280 316 2342 stitiffet.
351 2290 611 2350 Rationes
631 2294 767 2350 hunc
784 2313 1018 2350 errorem
1040 2307 1404 2372 expugnantes

106 2367 186 2428 hae
219 2389 281 2426 cx
313 2372 586 2451 praecipuis
602 2374 739 2458 sunt.
786 2376 933 2447 Quia
964 2374 1099 2437 ratio
1121 2376 1259 2432 nulla
1277 2371 1429 2510 “2117

1378 2472 1398 2511 ι
