1435 2696
261 78 1084 149 AMERICANARVM‚Lih,1,
1257 99 1328 160 59

39 159 314 224 ,Christiana
328 171 517 233 accepta
533 161 603 213 ita
621 177 675 214 ea
691 161 836 216 denuo
850 163 1102 239 obliterasse
1131 177 1186 219 ut
1216 167 1336 222 nihil

35 245 131 323 ejus
147 242 251 318 effet
263 240 757 315 reliquumPurchafi
764 264 819 299 us
832 246 1164 325 antiquitates
1172 249 1336 305 Ame-

41 329 235 392 sicanas
255 345 361 381 non
375 324 626 381 excedere
639 325 750 384 vult
766 346 930 389 annos
945 343 1088 385 retro
1103 333 1333 398 clance,-

43 410 190 481 Quia
210 408 461 464 nimirum
476 408 707 485 Imperia
721 406 1060 467 Mexicanum
1075 416 1127 469 δε
1146 416 1335 467 Perua-

32 511 166 570 *num
189 491 492 552 recentia‚&
511 491 610 545 rari
626 489 917 547 etiamnum
936 491 988 547 in
1007 493 1334 569 Septentrio—-

39 596 104 633 ne
121 573 363 630 cultores.
409 578 581 629 Porro
605 575 724 630 cIo
753 590 788 631 c
802 593 879 629 cc
898 592 936 630 c
958 593 1122 630 annos
1139 573 1203 629 ad
1222 590 1336 630 tan-

41 673 151 715 tam
188 654 468 710 hominum
515 653 908 712 multitudinem
957 654 1333 733 procreandam

39 735 291 797 sufficere.
341 736 512 811 Qod
531 756 710 795 verum
743 734 818 792 est
837 736 901 793 de
919 738 1169 794 Hunnica
1185 744 1239 796 &
1257 737 1338 793 Si-

41 817 185 877 nens1
203 818 410 899 origine
431 856 447 884 ‚
465 817 601 874 unde
622 816 1091 877 Chichimecarum
1110 834 1295 896 gentes
1314 856 1332 886 2

43 910 97 963 δε
132 901 398 958 Mexicani
441 921 500 956 ac
548 899 767 963 Peruani
795 942 810 963 ,
844 901 1166 957 recentiores
1210 916 1338 956 nato

45 980 299 1047 Christo,
321 979 561 1060 profecti.
619 978 730 1038 ‘Sed
749 981 1066 1060 antiquiores
1097 978 1264 1036 adhuc
1281 981 1339 1037 in

20 1064 354 1124 ,Americam
402 1062 636 1120 colonias
680 1058 868 1120 veniffe
887 1100 904 1127 ‚
941 1080 1086 1120 certo
1114 1058 1332 1118 constat.

49 1150 192 1218 Quae
208 1162 384 1201 autem
416 1165 479 1200 ex
513 1145 592 1202 his
621 1142 870 1222 gentibus
888 1145 1208 1225 antiquiores
1226 1163 1341 1222 quae

50 1226 372 1285 recentiores
395 1224 494 1282 sint
524 1264 541 1291 ‚
591 1226 663 1283 ita
694 1220 959 1304 utcunque
995 1222 1341 1284 demonstrari
1379 1207 1435 1265 Ψ

44 1306 236 1389 potest.
260 1312 331 1364 ‘In
348 1305 643 1365 universum
660 1305 993 1366 recentiffimi
1009 1309 1097 1389 qui
1116 1305 1344 1363 maxime

48 1389 488 1469 Septentrionalia
517 1390 699 1447 colunt
726 1410 744 1455 ς
778 1387 1016 1447 australes
1050 1389 1145 1447 aevi
1190 1405 1345 1443 vetu»

51 1471 219 1529 stioris
238 1492 255 1536 ς
275 1493 373 1529 nec
406 1491 515 1529 non
532 1472 607 1529 illi
627 1473 779 1550 quise
798 1471 1068 1552 indigenas
1087 1484 1266 1549 putant
1283 1488 1342 1525 ac

51 1553 282 1633 origines
297 1549 409 1611 suas
428 1555 631 1632 penitus
648 1555 896 1634 ignorant
913 1592 930 1619 ,
964 1554 1138 1633 quales
1159 1550 1343 1607 Aitani

53 1643 107 1696 &
125 1636 367 1692 Peruani-
424 1639 572 1694 Nam
609 1630 954 1694 Californiani
986 1643 1040 1693 δε
1073 1630 1341 1691 Mexicani

50 1714 154 1775 sese
172 1718 378 1774 aliunde
395 1718 644 1778 advestos
662 1739 771 1774 non
803 1717 1126 1796 ignorarunt.
1169 1713 1342 1768 Vnius

54 1799 278 1879 originis
295 1799 408 1856 sunt
424 1799 560 1879 apud
579 1821 711 1878 quos
728 1798 910 1856 eadem
930 1798 1101 1875 lingua
1131 1817 1145 1851 ι
1180 1810 1235 1849 ut
1251 1798 1339 1849 Iu-

52 1881 241 1945 catani,
261 1880 528 1938 'Brasiliani
547 1918 564 1944 ,
583 1879 929 1959 Paraguayani
948 1916 965 1943 ,
987 1874 1345 1955 Magellanici:

53 1966 138 2020 Ita
154 1963 297 2019 enim
319 1962 514 2020 Acosta
528 1961 671 2020 libro
689 1964 753 2019 de
771 1958 1004 2018 convers.
1023 1958 1207 2016 Indor.
1227 1957 1344 2010 Lin-

46 2061 147 2116 gua
165 2046 495 2116 Varaquaiana
510 2045 717 2099 omnium
733 2041 952 2116 latissima
966 2043 1033 2095 es‘l
1050 2061 1065 2097 .·
1101 2039 1275 2093 obtinet
1291 2038 1342 2091 in

58 2127 182 2190 omni
200 2128 438 2199 Paraquai
455 2126 514 2186 ῥ’
529 2125 743 2201 Βναῄίἑιι.
789 2124 1005 2179 Iucatam'
1035 2140 1138 2176 eam
1168 2119 1347 2175 intelli-

50 2221 173 2280 gunt
193 2207 252 2266 ὅθ’
280 2211 534 2281 complures
551 2209 635 2263 alii
646 2205 799 2280 populi
811 2202 953 2280 usque
965 2205 1028 2260 ad
1030 2203 1218 2279 fretum
1235 2207 1347 2256 Ma-

53 2288 334 2360 gellanicmn
349 2291 412 2349 (θ’
428 2293 475 2346 S.
500 2291 724 2344 Mariam.
745 2288 799 2345 Si
815 2290 1044 2345 Iucatani
1059 2307 1174 2344 earn
1191 2285 1348 2347 intel-

61 2371 230 2450 ligunt
244 2411 260 2438 ‚
280 2373 439 2429 etiam
459 2372 635 2428 Aitani
667 2379 720 2432 &
740 2369 971 2429 Cubani.
1014 2372 1160 2428 Nam
1179 2368 1352 2429 inter-⁷

65 2470 235 2539 pretes
252 2474 384 2533 quos
407 2452 677 2511 Cortesius
708 2475 770 2510 ex
802 2450 961 2512 Cuba
978 2450 1193 2510 adduxit
1211 2447 1237 2503 a
1258 2451 1349 2537 hf‘-

78 2541 86 2552 ‘
1152 2545 1348 2588 catanis
