1435 2696
237 49 1074 118 AMERICANARVM,Lib.11.
1249 69 1356 134 ης

3 174 18 214 1
56 131 332 218 graphiam
350 171 367 198 ,
400 155 513 215 quae
527 132 721 191 orbem
739 134 794 192 in
830 153 935 194 tres
952 137 1234 217 praecipuas
1251 159 1369 218 par-

0 279 13 297 .
60 236 157 282 tes,
179 215 454 296 Scythiam
474 260 488 285 ,
520 216 770 283 Indiam,
804 217 1125 298 AEthiopiam
1159 220 1368 278 divide·

10 297 22 305 ’
60 299 170 358 bat.
215 300 501 358 Phoenices
520 298 794 357 Cliaxnum
820 300 920 354 Beli
951 303 1169 360 nomine
1187 304 1365 361 colue-

60 377 195 461 runt'.
242 382 404 441 Vnde
420 383 605 454 Iupiter
621 381 754 435 Belus
771 381 914 440 idem
935 384 1022 465 qui
1043 393 1254 441 Ammon.
1292 383 1365 442 Et

58 485 180 525 vera
197 466 549 545 appellatione
575 464 775 520 chamos
796 465 965 523 dic9cus
984 463 1058 524 est
1077 506 1093 534 ‚
1113 487 1271 547 quem
1291 467 1366 523 al·

59 545 259 604 lufione
278 548 505 629 quadam
525 544 551 603 ὲ
571 548 770 627 pallore
792 546 1141 606 deduxerunt.
1185 549 1363 625 Hujus

57 629 275 687 Idolum
309 631 490 689 dicunt
521 629 750 702 Lapidem
782 631 971 704 nigrum
982 629 1141 705 specie
1158 633 1365 686 mulieris

12 722 21 725 Χ
55 707 231 786 fuiffe3
255 713 344 793 qui
375 711 402 770 a
434 712 700 770 Saracenis
721 712 917 771 Meccae
933 711 1367 777 colatur,senten-

55 794 125 851 tia
146 815 328 873 parum
352 793 636 875 probabili.
658 796 807 852 Nam
832 797 981 875 niger
1000 794 1198 853 Caabae
1215 796 1366 873 lapis,

57 877 174 934 rudi
204 874 370 959 figura
402 915 418 943 ,
452 897 560 934 non
591 877 645 932 in
677 878 952 935 mulierem
972 872 1227 935 formatus
1247 874 1359 943 est,

59 976 319 1039 quantum
342 981 405 1015 ex
426 958 665 1017 Arabum
685 956 890 1038 scriptis
908 956 1111 1017 constat
1130 996 1146 1023 ,
1169 959 1233 1016 de
1256 979 1367 1039 quo

62 1042 367 1120 nuperrime
400 1042 452 1098 in
471 1040 714 1099 Arabum
739 1040 976 1099 Historia
994 1041 1366 1098 celeberrimus

58 1124 310 1181 Pocokus
326 1124 468 1203 egit,
501 1122 588 1180 sed
621 1123 698 1180 illi
729 1120 912 1180 similis
946 1143 1104 1203 quem
1126 1121 1365 1183 Romani

4 1226 9 1228 “
52 1224 155 1283 pro
173 1209 444 1264 Termino
460 1205 756 1270 coluerunt,
776 1205 840 1262 de
863 1226 971 1285 quo
992 1207 1187 1262 Po'e'ta:
1213 1206 1362 1276 Capi-

56 1287 139 1340 toli
154 1287 389 1343 immobile
395 1285 586 1362 fluxum.
632 1284 915 1364 Ejusmodi
949 1284 1136 1344 Defisn
1160 1286 1362 1366 lapides

55 1370 245 1428 Baetuli
262 1369 412 1435 diffl,
431 1390 658 1451 quorum
678 1370 763 1428 alii
781 1375 1004 1428 Saturno
1022 1413 1033 1433 ,
1057 1369 1141 1425 alii
1162 1367 1362 1425 caeteris

63 1452 189 1509 Diis
207 1497 219 1517 ‚
257 1453 375 1512 Iovi
393 1469 548 1532 atque
567 1448 661 1509 soli
683 1453 754 1509 im
766 1453 964 1531 primiS‚
985 1446 1363 1507 consecraban-

63 1550 164 1591 tur.
184 1536 258 1592 Et
274 1534 621 1613 Heliogabali
637 1532 1122 1610 simulacrum,lapis
1142 1529 1246 1590 bafi
1264 1531 1362 1586 cir-

58 1616 219 1674 culari
250 1614 345 1673 fuit
373 1618 425 1673 in
445 1636 637 1672 conum
659 1615 913 1678 desinens,
941 1614 1159 1671 authore
1180 1615 1361 1669 Hero-

59 1697 236 1754 diano.
256 1700 344 1755 De
364 1719 471 1777 quo
488 1697 615 1756 alibi
634 1698 934 1755 dicendum.
968 1698 1192 1753 Nomen
1211 1692 1362 1752 Cha-

16 1793 20 1795 ’
59 1781 133 1835 mi
152 1776 479 1837 notiffimum
500 1781 706 1837 Aitanis
724 1775 832 1835 fuit.
869 1782 1119 1852 Qorum
1141 1777 1238 1833 Dii
1255 1785 1356 1830 Ze-

9 1922 18 1927 „
57 1879 153 1916 mes
169 1862 445 1919 communi
463 1864 682 1919 nomine
699 1861 858 1925 diem
879 1879 989 1939 quae
1007 1880 1111 1916 vox
1129 1878 1249 1916 cum
1269 1862 1358 1914 Ia-s

57 1947 343 2021 poniorum
366 1951 533 1997 Cames
547 1944 611 2001 ad
630 1939 863 2000 amuffim
883 1939 1143 1998 convenit.
1192 1939 1356 2017 Apud

61 2027 339 2083 lucaranos
370 2020 561 2102 priscus
595 2042 739 2083 vates
776 2024 917 2076 chila
954 2022 1189 2077 chambal
1219 2024 1358 2080 cele-

58 2105 254 2166 bratur.
301 2107 485 2164 Habes
520 2107 596 2163 ibi
636 2107 906 2163 Chamum
928 2143 944 2170 ,
966 2103 1130 2161 habes
1162 2107 1354 2162 Belum

57 2210 267 2269 quoque
299 2211 311 2245 τ
347 2189 483 2246 unde
516 2187 817 2266 composito
850 2187 1065 2242 nomine
1084 2185 1357 2245 Chambal

21 2336 24 2340 Ι
56 2271 131 2327 fit.
176 2274 227 2330 Si
247 2291 428 2328 verum
448 2270 591 2349 quod
611 2268 850 2327 Stuckius
868 2267 931 2325 de
948 2264 1204 2326 sacrificiis
1221 2290 1356 2348 gen-

59 2354 227 2410 tilium
245 2348 424 2410 scribit
444 2360 486 2405 H
490 2352 663 2424 ispanos
679 2365 789 2404 ante
800 2365 970 2423 paucos
982 2369 1123 2405 annos
1135 2369 1277 2425 quam
1293 2352 1357 2404 il„

15 2430 20 2434 ’
54 2432 335 2510 inscriberet
350 2433 567 2508 detexiffl’
584 2430 786 2509 insulam
822 2433 1103 2490 carolinam
1134 2470 1152 2498 ‚
1187 2433 1233 2486 in
1263 2448 1360 2502 qua

1133 2513 1359 2588 frequenae
