1435 2696
54 49 164 111 128
334 33 1131 100 montaneas-nvn

51 147 268 190 turnum
288 146 346 182 ac
380 123 563 182 Solem
584 117 864 181 dixerunt,
885 116 952 175 de
966 137 1076 198 quo
1093 117 1373 199 incompass
1413 165 1425 177 f

51 213 231 275 rabilis
272 201 499 268 Voffius,
546 204 672 262 Nec
690 201 745 258 in
764 201 1023 266 Dariene‚
1042 203 1208 260 Nova
1226 203 1370 260 Gra-

54 295 205 357 nada,
233 298 381 355 Peru,
406 288 536 348 alius
553 289 706 343 Deus
725 284 985 364 cognitus.
1035 282 1197 364 Apud
1219 289 1370 343 luca-

15 408 17 410 ·
54 397 208 439 tanos
225 390 338 433 erat
357 388 684 430 marmoreus
703 372 821 425 Leo
838 363 1042 446 pertusa
1062 370 1291 435 cervice,
1313 369 1368 426 in‘

55 481 215 543 quem
236 453 522 515 hostiarum
546 452 748 532 sanguis
768 447 972 507 effusus.
1027 451 1181 529 Qd
1214 455 1249 507 fi
1270 454 1372 508 So·
1397 451 1412 494 ’-

54 545 161 602 lem
181 535 586 621 repraesentarit?
606 553 742 607 quem
762 534 810 587 in
831 536 1030 587 Oriente
1051 534 1370 609 Leonbsspecie
1403 545 1430 605 J·

52 628 252 688 cultum,
275 622 433 679 Iulius
456 619 713 677 Fir-micus
731 611 928 676 scribit.
955 616 1169 677 Divinis
1192 616 1372 675 hono·
1424 644 1430 649 ·

53 708 196 767 ribus
218 703 475 762 colendos
497 700 586 781 qui
618 700 781 760 vitam
815 699 994 783 aliquo
1012 702 1125 758 utili
1144 702 1369 758 invento

53 786 429 849 excoluiffent,
466 783 644 840 multis
663 781 879 864 quidem
916 800 1126 864 recepta
1142 784 1362 864 opinio,

54 872 143 930 sed
165 858 698 945 Phoeniciaeoriginis
715 863 902 931 fuitffde
924 889 1033 948 quo
1051 864 1238 925 testem
1260 867 1370 924 Eu—

54 950 258 1010 sebium
294 951 569 1010 habemus.
627 948 783 1006 Idem
819 949 1110 1026 persuasum
1129 950 1246 1006 ‘illis
1279 950 1372 1031 qui

55 1038 281 1095 Novam
304 1034 559 1115 Angliam
582 1033 782 1090 colunt.
826 1037 940 1088 lam
961 1031 1234 1091 Guanchae
1253 1035 1372 1091 Cas

54 1118 317 1178 narienses
336 1137 456 1175 cum
478 1115 728 1172 Peruanis
747 1123 797 1174 δε
818 1115 930 1172 aliis
949 1115 1215 1174 Americae
1232 1136 1365 1197 gen·
1434 1111 1435 1119 ’

53 1202 217 1263 tibus,
239 1201 293 1256 in
313 1197 494 1255 multis
512 1195 920 1256 conveniebant.
971 1197 1217 1280 Vtrique,
1242 1219 1365 1257 cum

56 1283 254 1342 siccitas
287 1276 412 1337 esset
428 1316 444 1341 ³
464 1298 591 1335 oves
609 1287 662 1339 &
681 1299 859 1356 capras
886 1280 950 1338 ad
971 1281 1207 1339 balatum
1223 1278 1365 1339 fame

55 1368 136 1423 vel
158 1364 255 1420 alia
270 1359 567 1420 necestitate
590 1361 878 1438 adigebant
897 1400 913 1426 ‚
947 1384 1012 1418 eo
1032 1364 1206 1422 balatu
1225 1366 1359 1421 iram

55 1446 284 1506 numinis
318 1444 509 1524 placari
539 1463 595 1500 ac
627 1443 858 1522 pluviam
893 1444 1169 1525 impetrari
1189 1445 1364 1504 existi-
1394 1445 1398 1449 ’

55 1546 283 1587 mantes.
338 1520 597 1604 Baptismi
630 1523 817 1583 nullibi
862 1528 1052 1585 clarior
1098 1529 1363 1585 memoria*

54 1632 218 1692 quam
238 1608 374 1688 apud
393 1609 678 1666 Canarios.
741 1605 980 1667 Infantes
1001 1630 1181 1670 recens
1200 1614 1306 1669 nati
1325 1611 1359 1668 ὲ

50 1694 288 1752 foeminis
307 1708 448 1749 certa
465 1690 752 1750 verborum
772 1689 945 1749 formu
958 1691 1188 1759 la,infusa
1206 1695 1255 1751 in
1273 1716 1360 1752 ca-

50 1794 143 1855 put
160 1795 311 1855 aqua,
330 1772 760 1852 baptizabantur,
798 1796 910 1855 quae
943 1775 978 1834 fi
1011 1799 1131 1834 cum
1151 1783 1357 1836 lucata⁴

51 1856 282 1914 nensium
304 1856 574 1934 baptismo
593 1876 873 1934 compares
889 1901 902 1921 ,
938 1859 1143 1919 videbis
1164 1863 1356 1918 miram

51 1940 279 1995 omnino
313 1938 784 2004 convenientiam,
820 1943 1001 1999 necin
1028 1939 1352 2023 AEthiopiam
1393 1961 1403 1964 “

55 2021 363 2096 Abyssinam
395 2021 768 2079 recurrendum
801 2018 942 2080 fuisse
963 2026 1204 2104 Hugoni,
1228 2043 1351 2082 curn
1389 2054 1391 2057 ·

56 2102 315 2178 Guanche
334 2103 383 2157 in
395 2104 690 2160 Fortunatis
708 2104 869 2184 longe
888 2108 1161 2184 propiores
1180 2106 1347 2166 essent

53 2182 341 2260 quibusiile
375 2204 494 2240 mos
524 2188 576 2243 in
601 2189 902 2243 American]
938 2189 1128 2245 illatus.
1169 2190 1347 2247 Iidem

54 2284 214 2318 unum
238 2262 500 2321 summum
528 2270 704 2324 Deum
723 2305 739 2332 ‚
759 2290 929 2326 rerum
951 2273 1194 2328 omnium
1218 2292 1345 2328 con-

50 2339 371 2400 servatorem
391 2382 406 2408 ,
427 2350 624 2405 anim'as
641 2352 971 2410 immortales
991 2392 1006 2417 ‚
1025 2349 1211 2410 inferni
1229 2368 1347 2433 poe‘-
1424 2386 1427 2387 ν

1409 2398 1423 2503 ι’,

55 2446 173 2492 naS,
197 2440 460 2483 tortorem
481 2430 803 2499 Diabolum,
831 2434 1203 2514 agnoscebant.
1245 2434 1341 2493 Ri-

1233 2533 1352 2573 tum

1425 2603 1435 2696 l
