1435 2696
209 56 1061 125 Ammcmmvmffiibdr.
1217 81 1335 142 207

25 138 378 223 paciafludiofhs
392 140 454 203 (γ’
470 141 938 204 οηανὶτὶηπὶςῗοοηηὶηο
952 145 1127 200 deditos
1141 147 1343 201 astioni..

20 228 109 286 &bus
111 223 270 299 fuisse.
311 230 495 307 Itaque
524 231 578 286 &
610 226 666 283 in
698 227 1083 290 Fortunatas&
1108 223 1338 286 Caffite-

31 310 171 370 rides
187 303 492 388 frequenter
506 307 871 389 navigantibus
890 347 907 376 ‚
928 332 1037 368 non
1056 312 1228 392 potuit
1242 330 1339 368 oc-

33 394 170 451 culta
191 412 402 449 manere
422 392 693 449 America.
733 391 807 448 Et
826 388 1185 459 Cassiteride&
1202 393 1339 450 adeo

34 473 464 556 navigationibus
500 473 668 532 dediti
686 513 702 539 ,
720 483 848 554 ‘'quo
881 477 1055 554 potius
1091 495 1248 557 quam
1280 476 1338 532 in

36 557 347 617 Americam
366 557 661 637 navigarint
679 556 780 614 dici
798 578 906 615 non
924 556 1115 637 potest.
1156 558 1341 626 Quin-

37 640 152 698 imo
169 659 359 696 omnes
389 640 474 697 vcl
504 656 650 696 metu
680 641 1053 698 Romanorum
1087 640 1167 699 vel
1199 640 1342 719 pacis

33 720 210 780 studio
242 722 296 778 in
330 723 637 779 American]
670 719 927 802 navigaffe
956 760 973 788 ‚
1007 716 1117 779 insu
1161 720 1346 778 erabili

35 813 352 884 argumento
369 805 689 883 colligimus.
729 806 951 884 Quippe
968 824 1087 861 cum
1104 743 1342 882 AEperio-

33 888 178 944 ribus
192 884 375 943 seculis
393 887 569 965 primo
586 884 1345 952 {Flandris3deindeLufitanis

5 968 423 1049 ’‘detegerentun
441 968 648 1025 incultae
664 963 1133 1026 omnino'fueruut.
1164 967 1341 1047 Atqui

34 1051 206 1109 adhuc
225 1049 503 1109 Strabonis
532 1071 647 1108 aevo
678 1051 829 1108 cultae
859 1071 1050 1107 omncs
1067 1070 1168 1107 una
1185 1069 1339 1106 exce—

37 1149 146 1212 pta.
187 1132 358 1211 Igitur
373 1133 479 1189 alio
512 1126 807 1212 migrarunt
835 1155 849 1189 :
886 1154 985 1190 nec
1012 1128 1341 1212 fugientibus

33 1214 216 1271 turbas
233 1215 517 1292 Europaeas
533 1209 865 1274 &Africanas
881 1213 977 1272 alia
994 1213 1342 1271 commodior

34 1312 171 1353 terra
188 1317 346 1377 quam
364 1296 633 1354 America.
675 1297 782 1354 His
813 1296 867 1353 in
897 1319 963 1354 eo
982 1298 1206 1354 Oceano
1225 1299 1337 1351 Lu-

36 1379 248 1436 caiones
265 1376 460 1443 insulae,
481 1379 612 1437 olim
635 1398 735 1436 una
749 1380 1029 1436 continens
1045 1415 1059 1442 ‚
1079 1379 1335 1456 proximae

18 1455 172 1518 sunt.
212 1461 302 1518 Ad
322 1481 447 1540 quas
463 1460 747 1519 Phoenices
764 1457 951 1519 venifl'e
967 1461 1261 1514 Madanm'na
1278 1466 1334 1518 &

40 1550 267 1597 Guacane
284 1543 499 1600 docent.
561 1546 808 1615 Quarum
842 1544 960 1607 illa,
994 1558 1052 1598 ut
1067 1541 1273 1600 videtur
1301 1538 1334 1595 a

35 1624 380 1682 Madiannaeis
415 1648 429 1682 ε
464 1626 576 1683 haec
595 1623 624 1680 a
646 1625 961 1683 Chananaeis
978 1622 1133 1679 dieta.
1178 1625 1331 1681 Nam

0 1718 2 1779 ξ
38 1706 291 1766 Chanaan
307 1707 469 1764 etiam
504 1708 646 1762 Chna
676 1709 945 1765 contracte
961 1705 1161 1772 ἀὶἂυες
1193 1702 1332 1761 unde

0 1783 2 1817 ³
29 1786 156 1848 vcum
176 1789 395 1845 articulo
416 1798 658 1844 Guacana.
706 1790 789 1846 Ex
820 1788 1143 1845 Madannina
1161 1788 1214 1843 in
1234 1786 1336 1843 Ai-

0 1866 3 1949 ῥ’
37 1885 157 1941 τειιη
186 1879 241 1931 &
271 1871 464 1929 vicinas
484 1870 670 1929 insulas
685 1887 916 1930 ventum.
962 1867 1075 1927 Vbi
1107 1869 1332 1923 Cabonao

0 1960 5 2020 β
35 1952 222 2011 dicitur
237 1953 321 2009 illa
338 1949 486 2033 regio
503 1954 567 2012 ad
584 1974 743 2035 quam
764 1955 827 2010 M
831 1950 1123 2019 atino'e'nses
1139 1951 1338 2030 primas

35 2030 180 2092 sedes
199 2029 577 2114 posuerunt-Et
596 2039 650 2093 in
672 2034 912 2092 Huhabo
933 2032 1214 2089 Canabacoa
1231 2032 1324 2090 est.

36 2112 210 2195 Ipsum
229 2119 401 2196 gentis
437 2119 648 2176 Aitanae
665 2138 867 2173 nomen
885 2117 951 2173 ab
978 2117 1208 2173 Hettaeis
1226 2116 1331 2172 mi-

37 2196 92 2257 hi
109 2199 324 2262 ductum
342 2199 564 2258 videtur.
578 2200 670 2253 Ain·
687 2198 922 2278 asperum
941 2215 1091 2256 notat
1106 2206 1159 2258 &
1177 2199 1330 2256 terri-

41 2279 217 2338 ficum.
268 2281 422 2340 Idem
453 2282 520 2340 ”U
552 2293 604 2343 &
648 2284 747 2347 ”130
775 2320 791 2346 ‚
829 2281 964 2339 unde
987 2280 1216 2341 Chittaei
1231 2281 1327 2338 de-

41 2365 315 2421 nominati.
333 2424 337 2427 Δ

116 2446 196 2503 Ex
215 2446 294 2505 his
311 2441 487 2505 insulis
505 2445 558 2505 in
575 2442 739 2527 ipsam
770 2448 1139 2509 continentem
1162 2449 1331 2503 Ame-

1212 2545 1329 2583 rxcae
