1435 2696
295 38 1149 102 AmnnchnARvm‚Lib.Ir.
1305 55 1376 114 9¹

70 117 160 179 ἃὲ
174 117 602 176 animadvertens
622 115 900 176 absurdam
920 117 1020 178 effe
1039 121 1381 202 allegoricam

22 241 24 243 ·
74 201 578 281 Interpretationem
617 236 635 264 ‚
671 203 1021 283 anagogicam
1071 203 1227 262 finxit
1268 225 1382 260 non

73 286 245 342 multo
259 281 476 342 felicius.
518 286 575 341 T
579 288 785 364 empori
802 283 906 343 hoc
925 287 1339 345 condonandum
1361 304 1379 341 :

72 387 181 447 quo
201 383 349 424 extra
366 364 582 423 Thulen
602 373 654 426 &
676 369 988 425 Fortunatas
1021 368 1308 426 immensus
1325 376 1383 429 &

72 449 180 507 fine
199 450 350 507 terris
376 450 645 512 Oceanus,
668 449 941 507 Tenebris
959 451 1222 531 perpetuis
1242 471 1383 507 mer-

72 528 154 589 sus
187 541 240 593 &
273 531 573 589 inmeabilis
607 548 817 608 putatus
846 530 973 597 fuit,
998 555 1059 592 ac
1078 533 1382 611 Antipodes

73 611 246 671 derifi.
284 615 368 671 Sic
390 614 894 671 Atlantis-America
911 614 998 673 est.
1022 615 1123 674 Sed
1145 613 1383 671 Comtaei

70 694 377 755 observatio
393 691 556 753 futilis
575 705 628 756 &
645 698 843 775 inepta,
863 698 952 776 qui
971 698 1206 755 Plinium
1224 697 1373 755 lib.v.

72 798 184 857 cap.
207 800 252 837 1..
300 777 394 836 sub
426 779 646 836 nomine
682 780 918 837 Atlantis
936 781 1138 836 montis
1160 781 1382 837 Ameri-

72 881 189 917 cam
209 856 503 920 describere
523 877 687 938 putat.
751 862 926 931 Quod
944 861 1018 919 est
1035 863 1218 918 omnia
1250 882 1380 919 con-

79 937 321 1011 fundere,
344 951 398 1002 δε
416 942 727 1001 American]
745 944 797 1000 in
816 940 993 1001 Africa
1011 946 1200 1002 locare.

542 1082 656 1138 CA
684 1101 743 1138 P.
788 1084 950 1142 VII.

74 1184 286 1237 Secundus
296 1189 341 1232 in
357 1184 591 1233 Americam
606 1183 851 1233 Pboenicum
862 1182 1086 1234 adventusg
1124 1185 1216 1252 Qi
1236 1190 1374 1252 ingen·

142 1269 226 1302 tem
252 1257 297 1300 in
321 1254 479 1301 Oceano
504 1254 712 1302 Atlantico
739 1254 922 1320 infidam
949 1254 1185 1302 detexerunt
1210 1272 1380 1319 eamque

130 1323 464 1388 frequentarunt
476 1319 522 1376 ’ὅ
535 1320 799 1371 habitarunt.
839 1321 921 1369 Illa
932 1323 1004 1370 vel
1017 1320 1261 1385 Haespaniola
1276 1363 1290 1380 ,
1308 1323 1380 1369 vel

144 1388 330 1450 Brafilia
339 1391 416 1453 effi
419 1404 612 1455 putatur.

184 1511 433 1572 Ecundus
464 1513 716 1574 adventus
750 1510 1067 1571 Phoenicum
1088 1513 1141 1569 in
1160 1513 1377 1570 Ameri-

186 1615 302 1653 cam
322 1596 624 1653 continetur
638 1596 739 1655 illis
756 1590 1041 1673 priscorum
1057 1590 1375 1673 scriptorum

75 1676 468 1734 narrationibus
499 1678 691 1759 quibus
708 1677 1014 1758 navigantes
1031 1678 1084 1734 in
1102 1677 1378 1733 Atlantico

76 1759 217 1816 Mari
248 1780 410 1819 novas
442 1754 693 1820 detexisse
724 1777 886 1817 terras
907 1753 1149 1816 referunt.
1190 1759 1373 1828 .Quod

77 1840 359 1898 Diodorus
376 1844 546 1899 ventis
583 1851 638 1903 &
672 1839 1069 1919 tempestatibus
1088 1835 1374 1897 adscribitz

75 1924 218 1999 cujus
251 1922 412 1983 verba
442 1945 554 1980 rem
602 1922 827 1981 mirifice
872 1921 1141 1980 illustrant.
1218 1923 1376 1979 Dicit

74 2007 218 2062 enim
237 2025 252 2060 :
282 2006 511 2060 Phoenices
530 2004 832 2081 vetustissima
851 2005 1128 2078 temporibm
1145 2018 1282 2060 extra
1297 2022 1375 2058 co-

74 2085 255 2142 lumnas
287 2089 502 2143 Herculia
532 2091 812 2162 navigantes
837 2087 1096 2162 ingentibus
1127 2101 1373 2143 ventorum

67 2167 274 2240 procellit
305 2169 368 2225 ad
396 2170 667 2244 longinquos
696 2171 874 2222 Oceani
905 2167 1382 2244 trafiusfuiffeabre»

72 2264 172 2324 ptos
187 2269 242 2306 ac
257 2252 412 2306 multu
432 2252 586 2308 diebus
603 2252 650 2308 vi
666 2252 951 2324 tempestatis
962 2250 1166 2328 jadiatos
1181 2251 1375 2307 tandem

76 2334 139 2387 ad
155 2334 393 2408 ingentem
410 2330 617 2407 Insulam
633 2335 681 2387 in
700 2342 886 2388 Oceano
905 2335 1380 2406 Atlanticoffomplus

79 2415 201 2473 rium
215 2417 401 2472 dierum
417 2416 720 2493 navigatione
750 2411 783 2472 Σι
812 2418 957 2484 Lybia
986 2420 1034 2476 in
1053 2416 1260 2495 occasum
1298 2433 1374 2468 re-

1197 2510 1377 2555 motam
