1435 2696
55 69 160 128 230
321 63 412 104 DE
440 44 1105 103 OR1G1N.GENT1vM

49 134 247 192 vincias
281 124 759 206 compleotebatur.
809 128 960 184 Nam
978 125 1184 206 ,Mangi
1215 124 1362 183 Sina·
1434 130 1435 141 ¹

54 234 169 273 rum
188 231 411 292 regnum
437 208 644 288 proprie
663 207 731 266 sic
749 206 957 274 dictum
974 205 1068 274 est,
1090 210 1234 283 cujus
1251 228 1366 263 me·
1433 227 1435 230 ’

54 296 280 376 tropolis
303 288 528 364 Quinsai
546 328 563 355 ‚
586 291 787 350 Cataiae
805 289 1095 349 Camba-lu.
1136 283 1368 360 Quinsai

56 380 181 437 alias
202 375 475 455 Nanquin‚
496 394 609 454 quae
627 375 789 433 etiam
810 369 1034 433 latienfu
1051 374 1370 454 appellatur,
1431 367 1435 430 ·’,

61 460 183 542 quia
203 452 474 540 praefefftus
492 456 693 537 Regius
711 455 786 513 ibi
805 455 971 538 degit.
993 457 1073 514 Ex
1091 452 1371 516 Nubiense
1412 448 1435 511 s

60 559 209 624 patet
245 539 414 598 adhuc
445 539 577 597 circa
611 538 811 597 A.Ch.
838 546 958 599 clo
989 559 1072 596 cl,
1111 539 1290 598 Sinam
1312 543 1368 617 85
1431 563 1435 593 ι

63 624 312 685 Cataiam
333 616 534 678 diversa
553 641 711 701 regna
726 616 884 678 fuisse.
898 624 1046 680 Nam
1068 639 1212 701 parte
1230 639 1372 677 nona
1431 596 1435 654 ³

61 706 289 767 climatis
306 705 445 762 tertii
463 704 617 784 ponit
634 705 911 785 regionem
929 704 1162 762 Tobbat
1182 712 1233 764 δε
1251 704 1364 766 Sin,

61 798 116 852 ἃ
150 805 291 867 parte
322 788 530 844 decima
566 786 699 860 dicit
728 790 959 844 Terram
996 784 1375 865 SinEtSe-ptcn-

61 872 233 930 trione
265 871 528 950 attingere
565 886 762 927 terram
784 870 1254 926 Kaimachitarum.
1302 868 1374 923 Et

62 955 274 1012 climate
293 970 484 1032 quarto
501 951 658 1008 tradit
677 954 887 1031 Regem
923 951 1374 1009 Kaimachitarum

63 1036 357 1116 quibusque
404 1032 646 1114 Regibus
683 1036 922 1114 potentia
952 1042 1006 1095 δι
1038 1031 1167 1091 fastu
1196 1051 1376 1112 parem

65 1113 182 1174 effe.
241 1118 559 1174 Dolendum
596 1114 671 1172 est
705 1119 876 1175 Marci
897 1117 1043 1175 Pauli
1063 1115 1259 1174 Veneti
1277 1118 1376 1172 iter

67 1217 152 1258 tot
183 1197 474 1255 mendaciis
504 1197 572 1255 ab
597 1197 891 1279 impostore
925 1197 1158 1281 quodam
1191 1215 1376 1255 conta-

63 1282 340 1338 minatum·
358 1279 500 1350 Quis
515 1280 657 1338 enim
677 1281 858 1339 credat
875 1283 959 1339 illa
979 1302 1092 1357 quae
1109 1280 1173 1337 de
1196 1282 1378 1349 Quin-

62 1363 134 1422 sai
164 1362 343 1421 scribit
359 1400 375 1427 ‚
414 1378 605 1440 pontes
637 1364 691 1419 in
722 1384 780 1420 ea
813 1364 1054 1442 lapideos
1086 1363 1371 1420 duodecim

66 1447 215 1503 mille
230 1441 483 1502 altissimis
498 1441 749 1502 subnixos
765 1440 1056 1503 fornicibus
1073 1441 1213 1501 fuisse
1231 1446 1302 1523 ita
1323 1460 1382 1500 ut

62 1548 220 1585 naves
238 1527 424 1584 erectis
444 1529 596 1584 malis
615 1550 670 1585 ea
704 1530 1041 1608 pernavigare
1074 1527 1383 1606 potuerint?
1414 1538 1415 1542 ’

61 1610 136 1667 Et
157 1626 289 1690 quot
308 1630 510 1665 errores
527 1610 582 1666 in
600 1612 843 1687 catalogo
865 1615 942 1667 Im
953 1613 1373 1688 peratorurnTa·

60 1693 202 1749 tariae
221 1690 462 1749 admiffi?
484 1694 631 1750 Nam
651 1691 685 1749 fi
706 1693 930 1773 Cingin,
966 1695 1301 1774 Mangonem
1321 1699 1385 1755 Sc,

63 1773 261 1830 Cublai
277 1776 502 1853 excipias
521 1792 702 1833 caetera
723 1773 1111 1854 corruptissima
1128 1772 1257 1831 sunt.
1284 1777 1379 1833 O·⁷

62 1857 291 1912 mittitur
312 1857 498 1914 Oktai.
518 1858 677 1913 Allan
698 1859 960 1937 praeponit
979 1856 1264 1937 Mangoni,
1279 1856 1373 1913 de·-

58 1937 183 1994 inde
202 1938 433 1996 eundem
466 1940 887 2018 Imperatoribus
905 1941 1136 1998 Tatariae
1155 1933 1337 1996 inserit
1355 1981 1370 2002 ‚

60 2041 180 2075 cum
225 2022 342 2077 Rex
376 2038 581 2079 tantum
619 2020 801 2082 Perfiae
850 2019 1023 2080 fuerit.
1070 2019 1374 2080 Purchafius

60 2096 298 2157 fraudem
318 2100 487 2161 sensit.
532 2105 705 2158 Multos
722 2106 895 2185 inquit
909 2104 1125 2159 authores
1139 2118 1379 2176 corruptos
1410 2120 1413 2142 1

63 2181 184 2245 vidi,
203 2179 287 2254 sed
302 2182 481 2239 nullum
506 2189 845 2259 corruptiorem
865 2204 1007 2258 quam
1040 2187 1217 2241 Latina
1237 2184 1374 2241 Pauli

62 2265 228 2318 Veneti
244 2264 385 2318 editio
403 2263 481 2340 est.
533 2268 773 2344 Ramufius
789 2269 937 2324 edidit
968 2270 1190 2329 Italicam
1207 2264 1374 2337 versio-

63 2363 172 2399 nem
189 2360 283 2416 quo
303 2364 447 2400 aurea
464 2348 575 2422 es‘tfi
591 2367 695 2406 cum
718 2353 891 2406 Latina
906 2365 1216 2424 comparetur.
1265 2350 1388 2428 Igi-x

65 2444 148 2486 tur
165 2426 382 2486 demum
404 2430 536 2488 circa
573 2434 642 2490 A.
671 2453 708 2493 c
732 2438 801 2492 Io
845 2455 871 2491 c
891 2456 917 2493 c
937 2455 963 2493 c
1000 2455 1076 2493 Lx
1108 2425 1300 2492 Cataia
1318 2438 1372 2489 δε

1186 2510 1376 2592 Mangi

1424 2656 1435 2696 ’1
