1435 2696
60 47 172 104 142
362 25 1134 84 DEOR151N0GENTIVM

49 114 213 170 etiam
231 110 283 167 in
301 108 767 187 Septentrione.1n
787 106 1018 166 Oriente
1037 105 1222 165 Tatari
1239 106 1366 167 clas-

47 191 162 252 sem
197 191 502 272 quindecim
539 191 762 247 millium
797 191 1013 248 navium
1051 189 1186 245 inter
1219 191 1363 248 Cor-

51 277 241 356 cangui
260 283 312 334 δι
336 273 529 352 Caigui
548 294 650 351 qua
668 272 857 331 fluvius
877 274 1230 330 Coromoron
1249 292 1362 328 ma-

47 361 122 417 ria
156 357 438 432 subit,jam
460 354 652 412 Kublai
684 360 1014 434 Imperatore
1046 362 1101 415 &
1133 371 1252 410 ante
1273 374 1366 410 oc-

50 459 296 520 cupatam
335 436 527 517 Mangi
545 481 557 500 ‚
582 459 694 517 quae
725 438 851 496 Sina
873 481 889 502 ‚
911 436 1222 494 habuerunt.
1270 437 1361 492 De
1430 479 1433 485 .

51 526 186 582 Iezis
205 522 258 579 id
278 518 352 577 est
370 519 585 578 Tataris
606 519 812 599 Iaponii
836 520 1066 584 tradunt,
1084 537 1156 573 eos
1174 536 1233 572 ex
1249 534 1360 572 con-

50 609 229 663 tinente
247 605 295 656 in
312 601 512 677 insulam
545 603 913 662 Mateumaixv.
941 606 1059 661 clo
1094 603 1310 674 passuum
1330 597 1361 655 εὶ

53 706 193 761 regno
215 687 410 759 [aponiae
432 691 742 757 Luegeram,
780 686 1011 758 navigare
1041 682 1169 741 teste
1203 683 1257 739 in
1275 687 1361 739 Ia-

52 769 258 850 ponicis
278 767 561 826 Ludovico
581 769 753 826 Froia·
801 768 871 825 Et
889 765 1172 849 quomodo
1189 769 1361 823 Tata-

47 855 95 911 ri
125 873 189 910 ex
223 848 489 931 equitibus
522 867 689 909 nautae
722 846 852 907 fiant
870 887 886 913 ‚
924 849 1182 907 Thuanus
1213 844 1359 904 libro

51 955 86 993 ι.
100 953 192 992 xv1
208 953 246 989 1.
268 933 443 990 tradit.
490 934 639 992 Nam
659 933 873 1013 quando
890 927 1084 989 fretum
1105 947 1195 988 aut
1212 950 1358 986 mare

44 1015 395 1095 superandum
417 1015 563 1071 venit
594 1014 776 1072 occisis
793 1016 942 1095 equis
958 1013 1230 1072 vilioribus
1250 1012 1362 1090 pel-

46 1100 123 1156 les
142 1098 519 1160 detrahunt,ex
538 1097 598 1154 iis
616 1095 827 1155 inversis
844 1107 894 1158 &
918 1095 1238 1175 pinguedine
1259 1093 1365 1150 ob-

45 1180 217 1237 ductis
237 1222 252 1242 ‚
287 1179 447 1234 etiam
468 1176 621 1235 costis
637 1179 866 1235 trabium
887 1181 1013 1236 loco
1030 1177 1248 1235 intextis
1265 1196 1363 1234 na-

47 1261 246 1321 viculas
263 1259 487 1318 consuto
505 1258 734 1317 crinibus
766 1262 1004 1318 celeriter
1020 1261 1168 1317 corio
1186 1255 1359 1316 confi-

48 1344 212 1407 ciunt,
247 1339 434 1421 quibus
454 1339 663 1421 singulis
696 1343 880 1398 octoni
914 1343 1165 1399 homines
1194 1340 1357 1398 trans-
1433 1354 1435 1405 ξ

49 1441 346 1505 portantur.
409 1422 568 1483 Vnde
591 1441 734 1503 patet
752 1445 851 1503 qua
873 1424 1074 1479 ratione
1095 1443 1356 1503 equorum

48 1510 300 1583 jacturam
319 1503 484 1565 facere
505 1513 557 1566 δε
575 1505 796 1564 navibus
813 1506 866 1561 in
886 1506 1190 1563 American]
1213 1505 1357 1580 traji-

51 1611 168 1647 cere
186 1590 474 1660 potuerint.
520 1590 644 1646 Nec
661 1587 833 1644 obstat
857 1589 1064 1644 acinace
1085 1596 1134 1647 δε
1156 1587 1267 1643 aliis
1288 1608 1353 1642 ex

48 1670 192 1729 ferro
209 1673 368 1730 armis
385 1710 401 1734 ,
420 1692 534 1751 quae
555 1671 897 1748 Scytharum,
921 1691 1029 1726 non
1046 1665 1164 1726 usos
1185 1676 1354 1726 Ame-

51 1754 275 1812 ricanos.
337 1757 535 1832 Neque
566 1755 710 1809 enim
742 1748 926 1810 eadem
961 1754 1096 1809 ratio
1130 1757 1357 1829 Septen-

51 1836 355 1894 trionalium
391 1837 702 1910 Scytharum
723 1878 736 1898 ‚
772 1857 886 1913 quae
933 1836 1145 1891 illorum
1180 1834 1269 1913 qui
1301 1833 1356 1888 in

48 1918 328 1975 meridiem
346 1918 604 1976 habitant.
639 1918 864 1976 Nullum
884 1918 936 1974 in
955 1917 1121 1995 rigida
1139 1915 1226 1972 illa
1245 1915 1354 1993 pla-

46 2019 114 2077 ga
128 1993 325 2056 ferrum
347 2002 429 2058 vel
450 2021 567 2056 raro
586 2000 849 2079 provenit.
902 2002 986 2057 Sic
1005 2002 1216 2056 Fennos
1234 1998 1354 2053 ino-

52 2080 140 2157 pia
154 2077 276 2137 ferri
308 2079 500 2139 offibus
518 2103 719 2140 armare
749 2080 943 2160 spicula
960 2104 1023 2138 ex
1043 2081 1240 2139 Tacito
1256 2099 1356 2134 no-
1432 2079 1435 2082 ’

52 2177 189 2217 tum.
226 2164 431 2221 Eadem
453 2161 1353 2240 Samojedarum‚Molgomzomio-
1433 2170 1435 2175 '

48 2261 167 2299 rum
186 2250 239 2303 &
254 2248 341 2322 qui
361 2247 670 2304 Tataricum
692 2266 830 2303 mare
849 2244 950 2303 sive
967 2245 1182 2322 glaciale
1200 2262 1352 2300 acco-

49 2324 199 2387 lunt,
218 2327 353 2382 ratio
370 2327 457 2384 est.
515 2330 662 2386 Ferri
692 2348 903 2408 quoque
935 2326 1081 2383 dives
1103 2325 1350 2383 America
1433 2370 1435 2374 Α

52 2425 163 2465 non
179 2403 253 2464 est
269 2442 287 2473 ‚
307 2409 443 2467 unde
463 2409 569 2484 ejus
604 2412 726 2469 loco
742 2411 900 2469 armis
931 2430 995 2468 ex
1013 2429 1110 2467 aere
1128 2406 1349 2467 uteban-
1433 2437 1435 2447 «

1234 2503 1338 2551 tur,
